3142 4992
536 403 801 473 epistularum
829 403 928 457 XXIV.
1266 407 1306 471 75

151 598 280 662 uirtutis
304 602 379 663 tuae
404 600 629 664 aemulatores
655 619 727 664 nam
753 600 815 664 etsi
839 599 871 665 in
895 601 1024 684 populis
1056 619 1092 664 ac
1125 620 1221 684 super
1248 613 1326 683 po*

149 706 262 788 pulum
295 722 371 790 agas
405 725 499 770 oues
532 725 707 789 pascuae
742 706 871 770 domini
906 725 1020 792 regens
1053 707 1202 772 sollicitis
1227 706 1308 790 uigil

149 801 265 895 pastor
280 812 432 888 excubiis,
455 814 562 877 tamen
587 813 786 877 abdicatione
824 814 949 878 saeculi
982 815 1015 877 et
1045 813 1174 896 repulsa
1207 813 1308 878 carnis

136 937 188 982 vac
219 918 384 1002 sanguinis
417 917 579 983 desertum
611 919 671 983 tibi
705 919 780 1001 ipse
816 919 922 984 fecisti
959 921 1101 984 secretus
1134 939 1153 983 a
1184 917 1307 995 multis,

118 1029 286 1090 suocatus
311 1025 345 1090 in
370 1025 492 1108 paucis.

59 1137 81 1198 3
195 1131 276 1197 Sane
309 1131 428 1197 uicario
462 1133 662 1214 aliquatenus
696 1152 827 1197 munere
863 1133 943 1197 licet
975 1133 1081 1198 omnia
1113 1132 1174 1196 tibi
1205 1131 1305 1213 inpar,

154 1243 189 1304 ut
213 1239 367 1316 iusseras,
392 1240 518 1322 prouidi
541 1240 631 1304 illam
658 1239 801 1319 Eusebii,
824 1241 1018 1305 uenerabilis
1052 1238 1194 1323 episcopi
1228 1237 1308 1303 Oen-

155 1347 437 1431 stantinopolitani,
464 1347 501 1412 de
526 1346 650 1411 cunctis
678 1347 877 1430 temporibus
902 1346 1080 1411 historiam.
1106 1345 1162 1409 sed
1191 1345 1223 1408 in
1247 1343 1308 1408 hoc

155 1453 215 1517 fuit
238 1453 480 1536 obtemperandi
511 1473 609 1529 mora,
637 1452 722 1535 qued
754 1453 914 1517 instructu
946 1454 1014 1528 tuo,
1037 1451 1115 1533 quis
1145 1452 1214 1533 ipse
1246 1469 1308 1514 non

108 1581 136 1620 ιο
157 1561 305 1624 haberem
321 1560 406 1624 hune
423 1560 576 1637 codicem,
597 1559 715 1624 Rornae
734 1559 859 1642 repperi
878 1558 963 1642 apud
981 1560 1143 1640 parentem
1161 1559 1308 1620 nostrum

156 1685 229 1731 uere
254 1667 496 1732 sanctissimum
519 1666 743 1744 Domnionem,
768 1666 824 1748 qui
856 1667 969 1747 procul
1001 1664 1097 1729 dubio
1129 1661 1309 1746 promptius

157 1773 237 1837 mihi
258 1773 366 1857 paruit
390 1774 422 1837 in
446 1774 506 1838 hoc
529 1772 695 1851 beneficio,
720 1773 805 1855 quod
828 1771 889 1835 tibi
922 1771 1127 1836 deferendum
1159 1768 1308 1833 indicaui.

157 1900 269 1945 uerum
292 1884 398 1945 tamen
424 1880 498 1964 quia
522 1884 554 1945 et
576 1880 647 1944 loca
669 1882 726 1942 tua
757 1879 837 1943 mihi
870 1875 1049 1969 significare
1080 1876 1230 1960 dignatus
1264 1894 1309 1953 es,

158 1993 194 2053 ut
215 1987 285 2070 ipsc
308 1988 473 2065 monuisti,
494 1987 534 2050 ad
551 1986 767 2051 uenerabilem
787 1985 911 2051 socium
931 2001 1063 2049 coronae
1082 1985 1167 2059 tuae,
1185 1985 1309 2064 patrem

111 2097 303 2160 mnostrum
325 2093 505 2164 Aurelium,
528 2095 574 2158 ita
598 2093 797 2176 scripsimus,
821 2096 868 2168 ut,
894 2091 922 2156 si
940 2076 1025 2155 nune
1042 2091 1190 2172 Hippone
1208 2087 1309 2172 Regio

160 2202 300 2286 degeres,
324 2202 381 2267 illo
406 2202 466 2266 tibi
489 2201 612 2266 litteras
637 2203 763 2264 nostras
799 2200 831 2263 et
863 2197 1086 2278 transcriptam
1120 2194 1310 2278 Carthagine

160 2308 375 2373 membranam
399 2309 526 2373 mittere
552 2307 745 2392 dignaretur.
771 2304 857 2388 quod
880 2307 913 2368 et
945 2305 1073 2368 sanctos
1107 2301 1204 2378 uiros,
1230 2318 1309 2382 quos

159 2414 262 2480 indice
287 2415 429 2480 caritatis
462 2407 607 2496 ipsorum
634 2417 691 2478 tuo
725 2429 870 2477 sermone
904 2409 1126 2493 cognorimus,
1152 2405 1309 2472 Comitem

162 2525 192 2585 et
214 2521 375 2586 Euodinm
399 2523 593 2606 rogauimus,
618 2523 656 2584 ut
680 2519 817 2584 scribere
845 2517 908 2600 ipsi
937 2519 1092 2593 curarent,
1115 2533 1153 2578 ne
1181 2514 1235 2577 uel
1256 2531 1311 2595 pa·

115 2645 146 2684 20
161 2629 242 2693 renti
266 2629 436 2693 Domnioni
461 2628 558 2693 codex
583 2646 661 2692 suns
687 2625 810 2690 diutius
830 2625 953 2689 deforet
971 2626 1004 2688 et
1021 2622 1083 2686 tibi
1101 2619 1310 2685 transmissus

163 2737 227 2800 sine
251 2736 443 2807 necessitate
467 2734 655 2800 redhibendi
679 2736 829 2798 maneret.

251 2943 331 2998 ars.
351 2945 394 3008 99,
414 2944 430 2996 3

200 3068 296 3138 letsi]
316 3068 340 3122 si
359 3072 388 3122 et
405 3069 462 3121 PE
497 3067 704 3122 3excuhuisE
738 3063 998 3131 4deseramltibiq3
1017 3061 1077 3130 ipse
1096 3059 1134 3113 P¹
1189 3058 1314 3112 aom.0

164 3158 299 3228 domnia]
320 3174 368 3226 per
387 3157 533 3210 ornuiaP1
553 3156 613 3211 edd.
670 3157 684 3209 7
706 3159 741 3218 et,
760 3171 795 3207 m.
814 3157 833 3208 2
850 3155 882 3206 ut
900 3152 934 3205 K
1003 3151 1129 3213 iusserat,
1150 3163 1219 3202 corr.
1239 3164 1273 3200 m.
1294 3151 1310 3198 1

164 3246 280 3302 iusseras
298 3246 336 3299 Pl
432 3246 526 3300 eusebi
550 3247 581 3300 E
653 3242 1069 3311 constantinopolitano,corr.
1095 3234 1221 3304 (m.1?)
1247 3251 1310 3287 con·

164 3335 401 3405 stantinopolitani
413 3335 450 3390 M
517 3334 533 3388 8
552 3335 650 3397 cuntis,
670 3348 738 3390 corr.
758 3349 793 3386 m.
813 3335 828 3383 1
846 3331 949 3385 cunctis
963 3329 1000 3382 M
1051 3329 1068 3381 9
1087 3326 1161 3396 qued
1178 3325 1311 3377 instructo

163 3429 210 3478 tuo
229 3426 286 3478 PE
309 3424 382 3494 quod
405 3425 539 3478 instructu
563 3426 620 3487 tuo,
639 3439 673 3476 m.
694 3428 709 3475 1
727 3439 816 3490 supra
838 3409 892 3474 ani
911 3421 939 3473 in
964 3419 1054 3472 fructu
1072 3418 1120 3468 tuo
1139 3414 1167 3469 R
1191 3412 1264 3483 qnod
1282 3412 1310 3464 in

163 3513 252 3569 fructu
275 3516 323 3567 tuo
343 3512 380 3566 P¹
400 3531 442 3567 ac
459 3513 588 3566 iussionis
611 3515 675 3564 tune
699 3512 727 3565 A
849 3510 882 3564 10
900 3507 1007 3578 repperi
1028 3520 1085 3558 ras,
1104 3519 1138 3557 erc
1155 3502 1263 3571 repperi
1279 3500 1313 3553 K

199 3603 272 3674 apud
290 3604 321 3656 ia
339 3603 394 3670 fiac
405 3603 531 3672 popinae
542 3617 594 3656 om.
608 3601 636 3653 A
674 3602 705 3654 11
720 3599 903 3653 dominionem
918 3597 953 3649 M
966 3594 1151 3649 domusionem
1167 3590 1266 3658 (fuiti)
1280 3588 1314 3641 K

198 3692 331 3762 promtuis
348 3690 540 3762 Oprompt’R
591 3691 625 3743 12
643 3689 802 3743 tibiom.A
853 3688 886 3740 13
905 3689 954 3739 tua
972 3683 1066 3738 om.E
1114 3677 1312 3734 lbitaom.K

199 3782 359 3853 hipporegic
378 3781 405 3833 A
423 3781 543 3850 hippona
562 3779 671 3847 regione
690 3777 728 3831 P²
765 3778 799 3830 16
814 3776 927 3844 deroges
946 3776 976 3828 E
1030 3768 1208 3824 transcribam
1228 3769 1273 3832 (m.
1292 3769 1312 3819 2

164 3871 366 3941 transcriptam)
387 3869 546 3938 chartagine
565 3866 748 3921 membranam
762 3865 800 3919 P¹
819 3863 998 3931 transscripta
1011 3864 1056 3924 (ω
1071 3860 1152 3921 eras.)
1173 3853 1311 3922 cartagine

164 3961 276 4014 mbrana
289 3959 323 4012 K
338 3957 557 4012 transscribenda
570 3957 599 4009 in
615 3955 642 4010 Ο.
663 3955 821 4009 membrana
835 3971 854 4006 a
871 3948 1118 4004 transscribendam
1137 3946 1164 3997 in
1179 3943 1208 3998 0.
1227 3959 1311 3994 mem·

165 4049 277 4104 branam
297 4048 376 4116 eflr
432 4049 463 4101 17
484 4050 511 4100 et
530 4062 581 4100 om.
596 4042 658 4098 MA
731 4042 813 4097 sosP
867 4041 901 4094 18
915 4039 1017 4093 indices
1030 4033 1218 4090 MAOP¹RK
1235 4030 1312 4097 edd.,·

166 4141 373 4208 ef.p.58,10
429 4138 461 4190 19
480 4135 651 4205 rogamusE
721 4133 763 4200 ut]
781 4136 814 4184 nt
831 4131 898 4183 haec
912 4124 1100 4181 MAOP¹RK
1117 4121 1177 4176 edd.
1234 4135 1312 4172 cura·
1385 4155 1388 4160 -

166 4229 255 4282 uerint
275 4231 319 4291 (ue
338 4227 408 4295 exp.)
428 4227 455 4278 P
473 4225 591 4279 curarint
609 4225 639 4278 E
726 4221 761 4275 20
780 4218 930 4273 dominioni
949 4216 1012 4269 MA
1103 4212 1206 4266 diutius
1230 4207 1312 4260 codex

166 4333 229 4370 suus
248 4314 435 4370 MAOP²RK
457 4314 518 4368 edd.
608 4315 672 4365 tuus
690 4309 723 4364 K
813 4307 914 4362 discret
931 4306 961 4359 E
1048 4301 1237 4357 transmissum
1256 4295 1313 4349 PE
