3142 4992
517 360 783 430 epistularum
811 361 859 416 XI.
888 361 949 416 XII.

696 558 768 623 XII.

513 679 692 734 NEBRIDIO
711 678 951 736 AUGUSTINUS.

200 787 316 852 Plures
340 788 497 870 epistulas
520 791 553 852 te
583 788 697 854 scribis
726 789 866 866 misisse,
896 810 990 871 quam
1019 790 1218 872 accepimus;
1250 791 1306 856 sed

28 975 30 994 s
157 914 259 976 neque
282 895 343 959 tibi
365 914 497 976 possum
522 914 585 959 non
610 894 736 960 credere
760 915 863 977 neque
886 896 965 959 mihi
988 901 1034 962 tu.
1068 897 1199 960 tametsi
1221 898 1305 962 enim

129 1001 358 1067 arescribendo
381 1021 438 1084 par
461 1021 531 1066 esse
555 1022 617 1066 non
642 1002 744 1081 ualeo‚
764 1005 953 1067 tamennon
976 1004 1097 1068 minore
1121 1023 1140 1067 a
1161 1023 1213 1068 me
1237 1004 1306 1068 ‹lili-

28 1087 29 1100 *
157 1109 266 1186 pentia
298 1112 468 1173 seruantur
499 1109 624 1173 litterae
657 1112 742 1187 tuae,
777 1129 870 1191 quam
903 1109 1143 1191 frequentantur
1173 1111 1230 1175 abs
1262 1114 1306 1176 te.

156 1215 341 1296 prolixiores
370 1219 478 1282 autem
507 1219 632 1281 nostras
661 1236 724 1281 non
751 1219 785 1281 te
813 1217 951 1300 amplius
981 1237 1076 1299 quam
1103 1216 1194 1281 binas
1218 1236 1305 1282 acce-

156 1322 244 1403 pisse
279 1323 429 1387 conuenit
460 1323 544 1387 inter
575 1342 653 1400 nos3
692 1343 755 1388 non
783 1323 868 1388 enim
895 1324 1043 1388 misimus
1070 1324 1192 1388 tertias.
1230 1343 1305 1388 saue

154 1430 331 1513 recognitis
361 1431 593 1513 exemplaribus
622 1430 833 1494 animaduerti
861 1430 1001 1512 quinque
1028 1431 1093 1495 fere
1121 1431 1187 1495 tuis
1214 1449 1304 1515 roga-

116 1557 138 1595 ιο
154 1535 298 1600 tionibus
327 1555 398 1602 esse
426 1555 625 1618 responsum,
658 1537 721 1602 nisi
749 1537 836 1620 quod
863 1556 927 1602 una
957 1538 1002 1601 ibi
1035 1537 1179 1621 quaestio
1213 1536 1305 1620 quasi

154 1643 359 1706 transeunter
389 1643 569 1725 perstricta,
604 1662 797 1725 quamquam
833 1663 895 1708 uon
932 1647 1052 1710 temere
1087 1643 1214 1726 ingenio
1246 1650 1303 1708 tuo

155 1749 329 1814 commissa
360 1751 412 1828 sit,
446 1771 508 1816 non
540 1755 648 1816 tamen
680 1751 818 1816 fortasse
851 1750 1009 1816 satisfecit
1040 1750 1191 1815 auaritiae
1218 1753 1304 1815 tuae.

155 1875 250 1938 quam
283 1857 421 1921 refrenes
456 1858 654 1940 aliquantum
683 1877 763 1940 opus
792 1860 843 1922 est
870 1861 902 1922 et
933 1857 1086 1935 nonnulla
1118 1857 1304 1940 compendia

152 1962 291 2027 libenter
313 1963 406 2043 feras,
425 1963 472 2027 ita
489 1965 583 2046 plane
602 1966 649 2042 ut,
670 1965 698 2028 si
718 1964 891 2046 quicquam
908 1963 1020 2028 fraudo
1039 1964 1301 2048 intellegentiam,

28 2155 30 2162 s
113 2091 134 2129 n
153 2070 229 2134 dum
255 2090 327 2134 sum
349 2089 465 2152 parcus
487 2070 521 2134 in
545 2071 662 2150 uerbis,
692 2070 772 2134 nihil
799 2089 911 2152 parcas
939 2071 1037 2146 mihi;
1072 2071 1128 2134 sed
1156 2074 1194 2134 tu
1222 2071 1303 2149 iure,

155 2197 216 2259 quo
246 2177 326 2240 mihi
354 2178 515 2242 ualentius
545 2182 632 2242 esset
658 2178 739 2241 forte
769 2176 901 2259 aliquid,
935 2179 963 2242 si
992 2178 1161 2260 quicquam
1192 2182 1304 2260 posset

152 2301 222 2348 esse
250 2284 436 2362 iucundius,
459 2287 575 2362 totum,
600 2284 686 2366 quod
714 2283 858 2364 debetur,
888 2268 1055 2368 efflagites
1093 2285 1174 2348 hanc
1201 2285 1302 2368 igitur

152 2391 325 2473 epistulam
362 2389 543 2455 numerabis
580 2391 664 2456 inter
698 2391 839 2456 minores
877 2391 1033 2472 epistulas
1069 2409 1167 2467 meas,
1205 2410 1301 2472 quam

150 2499 209 2562 tibi
233 2501 255 2581 †
279 2518 340 2563 non
365 2500 426 2564 sibi
449 2499 530 2563 nihil
558 2499 636 2563 mihi
665 2499 704 2564 de
732 2518 846 2564 aceruo
874 2499 1026 2562 minuere.
1064 2517 1127 2562 non
1155 2497 1239 2561 enim
1267 2501 1300 2562 et

28 2623 30 2668 l
110 2626 133 2663 u
148 2608 185 2668 tu
208 2606 314 2670 mittis
338 2607 487 2686 minores,
507 2626 588 2688 quae
612 2626 674 2671 non
698 2607 834 2672 eundem
859 2625 1008 2670 aceruum
1031 2608 1178 2688 augeant.
1204 2624 1299 2686 quare

28 2703 42 2760 's
148 2711 241 2789 illud,
268 2711 352 2794 quod
377 2712 415 2776 de
438 2712 504 2776 filio
530 2713 581 2776 dei
609 2713 747 2794 quaeris,
777 2731 833 2776 cur
859 2712 928 2795 ipse
957 2711 1065 2793 potius
1095 2710 1219 2775 dicatur
1243 2711 1299 2776 ho·

148 2819 269 2884 minem
289 2819 470 2902 suscepisse
490 2839 584 2902 quam
603 2823 702 2902 pater,
719 2839 791 2884 cum
811 2819 910 2883 simul
927 2822 1061 2900 uterque
1081 2819 1134 2896 sit,
1152 2817 1298 2883 dinosces

147 2926 311 3003 facillime,
337 2926 364 2989 si
389 2926 690 2991 sermocinationum
714 2928 907 3004 nostrarum,
931 2925 1059 3008 quibus,
1078 2927 1115 2988 ut
1132 2925 1298 3007 potuimus

28 3099 29 3106 p
147 3051 279 3096 -nam
301 3032 462 3096 ineffabile
487 3032 638 3114 quiddam
663 3035 773 3096 est-
790 3073 978 3097 ..........
995 3031 1050 3114 qui
1069 3031 1112 3096 sit
1130 3032 1181 3095 dei
1199 3031 1296 3110 filius,

28 3123 29 3146 ³
108 3157 131 3196 a
148 3159 210 3220 quo
245 3139 407 3233 coniuncti
441 3139 552 3218 simus,
585 3139 770 3204 recorderis.
811 3139 896 3221 quod
923 3142 961 3202 ut
992 3137 1045 3203 hic
1076 3138 1218 3203 breuiter
1245 3138 1297 3202 ad-

148 3245 282 3329 tingam,
317 3245 487 3328 disciplina
519 3246 590 3329 ipsa
622 3249 654 3310 et
685 3247 787 3310 forma
816 3245 876 3325 dei,
904 3265 960 3327 per
989 3245 1195 3327 quemfacta
1222 3249 1298 3309 sunt

149 3351 265 3428 omnia,
295 3371 375 3434 quae
403 3351 489 3416 facta
523 3355 608 3429 sunt,
641 3352 727 3416 filius
759 3355 969 3434 nuncupatur.
1007 3350 1160 3434 quicquid
1189 3354 1297 3416 autem

146 3477 202 3538 per
237 3461 424 3540 susceptum
455 3458 548 3522 illum
580 3459 743 3524 hominem
772 3462 903 3542 gestum
930 3462 990 3536 est,
1019 3457 1058 3522 ad
1086 3457 1295 3522 eruditionem

150 3563 470 3646 informationemque
493 3569 635 3629 nostram
660 3567 787 3648 gestum
812 3568 871 3630 est.

237 3721 315 3776 Idem
335 3723 446 3791 codices,
465 3725 513 3791 qui
530 3724 562 3776 irc
580 3741 619 3794 cp.
638 3725 694 3778 XI.

181 3829 199 3880 4
217 3832 294 3882 tuam
314 3829 366 3884 etsi
383 3830 411 3884 P
428 3833 459 3883 tu
479 3830 532 3884 etsi
551 3830 607 3884 VU
622 3830 697 3897 edd.;
710 3830 809 3897 scripsi
826 3831 858 3882 tu
871 3828 984 3882 tametsi
1033 3828 1217 3891 bscribendo,
1228 3844 1263 3881 m.
1280 3833 1296 3880 1

147 3932 214 3971 corr.
234 3918 406 3972 rescribendo
425 3919 452 3971 P
541 3919 629 3972 minor
653 3936 685 3972 eo
702 3935 745 3971 me
763 3917 791 3969 P
864 3918 894 3970 11
915 3919 1075 3970 transeunte
1094 3917 1122 3969 P
1191 3916 1225 3969 13
1244 3916 1293 3969 ali-

147 4007 308 4074 quantulum
330 4007 388 4061 VU
402 4008 462 4065 edu.
531 4010 564 4061 17
584 4011 612 4061 et
629 4008 737 4078 flagites
756 4009 783 4059 P
846 4005 881 4060 20
901 4006 1025 4060 acerbum
1045 4005 1070 4056 P
1136 4007 1169 4059 21
1190 4005 1296 4058 dicatur

148 4095 238 4162 potius
262 4095 290 4149 U
340 4096 376 4149 24
395 4097 452 4165 qui]
473 4097 537 4166 quid
560 4097 617 4151 VU
632 4097 707 4164 edd.;
725 4097 857 4150 lacunam
874 4094 1033 4164 squificuue'
1082 4095 1117 4148 25
1130 4094 1294 4147 coniunctis-

147 4184 229 4236 simus
241 4183 318 4238 codd.
356 4184 390 4237 29
406 4185 498 4239 Vocat
510 4187 540 4238 iu
555 4185 582 4238 V
594 4188 633 4239 67
645 4185 844 4238 carucatarum
859 4185 990 4252 spatium,
1003 4184 1036 4236 ire
1049 4182 1076 4236 U
1088 4181 1162 4253 38¹]²
1175 4182 1294 4235 umacu-

149 4272 253 4340 lcrum;
270 4273 378 4326 trullum
397 4275 455 4328 eius
473 4274 548 4328 modi
565 4274 687 4342 spatium
704 4274 829 4328 relietum
848 4275 936 4327 estin
954 4273 980 4325 P
