3142 4992
245 355 309 419 116
596 350 622 404 S.
650 349 789 405 Aureli
816 349 1036 420 Augustini

244 544 402 629 aduritia
424 544 613 609 Iudaeorum
639 543 810 625 epistulam
843 561 935 609 suam
969 560 1042 607 non
1077 541 1116 606 in
1147 542 1306 608 tabulis
1339 544 1391 607 la-

243 652 377 737 pideis
411 651 564 733 scriptam
597 649 666 714 sed
696 649 737 713 in
773 649 933 714 tabulis
970 646 1107 713 cordis
1141 651 1390 729 carnalibus,

245 778 318 824 cum
340 759 470 842 Moyses
489 757 629 820 famulus
650 755 701 820 dei
719 759 849 838 propter
866 755 940 821 illos
958 755 1118 839 principos
1137 755 1228 821 binas
1248 757 1391 839 lapideas

244 866 368 929 tabulas
398 863 617 947 confregisset,
646 881 708 944 quo
732 862 827 928 modo
857 881 919 927 non
942 881 1112 945 possemus
1136 861 1273 927 istorum
1297 863 1393 928 corda

245 971 452 1055 confringere,
482 969 536 1053 qui
562 969 708 1034 hominos
738 969 815 1034 noui
846 967 1031 1034 testamenti
1064 971 1246 1034 sanctorum
1279 969 1393 1034 diebus
1425 993 1439 1032 ⁵

246 1077 440 1144 celebrandis
474 1096 511 1141 ea
548 1077 668 1141 nollent
702 1075 901 1140 sollemniter
937 1077 1097 1155 exhibere,
1136 1095 1216 1158 quae
1253 1076 1393 1160 populus

245 1185 362 1250 ueteris
386 1183 571 1250 testamenti
594 1187 626 1248 et
650 1184 749 1247 semel
773 1185 806 1247 et
827 1182 913 1248 idolo
938 1182 1123 1248 celebrauit.

202 1293 221 1356 5
289 1293 378 1358 Tunc
391 1291 514 1357 reddito
531 1290 621 1356 exodi
636 1289 743 1355 codice
759 1289 878 1354 crimen
898 1290 1071 1370 ebrietatis,
1093 1291 1247 1372 quantum
1265 1291 1394 1370 tompus

247 1401 380 1477 sinebat,
404 1418 596 1483 exaggerans
620 1397 744 1481 sumpsi
772 1397 954 1479 apostolum
980 1397 1118 1461 Paulum
1142 1399 1184 1474 et,
1206 1395 1290 1459 inter
1313 1413 1394 1477 quae

246 1509 376 1590 peccata
398 1506 505 1589 posita
529 1508 624 1583 esset,
651 1504 775 1570 ostendi
805 1504 916 1588 legens
947 1503 1041 1567 illurn
1072 1503 1193 1567 locum:
1229 1500 1270 1566 Si
1302 1500 1393 1582 quis
1413 1525 1440 1564 ιο

246 1614 374 1677 frater
410 1612 643 1677 nominetur
680 1613 748 1676 aut
784 1610 1015 1676 fornicator
1047 1612 1114 1675 aut
1150 1609 1277 1673 idolis
1315 1627 1393 1672 ser·

247 1719 364 1784 uiens
389 1720 458 1782 aut
486 1737 633 1782 auarus
662 1719 731 1783 aut
753 1716 981 1781 maledicus
1010 1718 1079 1780 aut
1107 1715 1296 1783 ebriosus
1325 1717 1395 1778 aut

246 1843 377 1908 rapax,
393 1844 478 1889 cum
499 1824 585 1889 eius
604 1823 710 1888 modi
729 1843 800 1889 neo
820 1824 953 1888 cibum
972 1820 1393 1906 sumere‚ingemescendo

247 1931 429 2009 admonens,
455 1949 527 1995 cum
552 1933 669 2014 quanto
700 1930 843 2013 periculo
872 1930 1116 1994 conuiuaremur
1147 1947 1221 1992 cum
1253 1928 1310 2006 eie,
1340 1927 1395 2009 qui

246 2040 300 2104 uel
322 2039 355 2102 in
379 2038 526 2103 domibus
546 2037 785 2102 inebriarentur.
805 2037 870 2121 legi
889 2037 986 2102 etiam
1004 2035 1095 2113 illud,
1115 2035 1201 2119 quod
1218 2053 1280 2099 non
1298 2035 1395 2118 longo
1414 2062 1441 2102 ιε

246 2145 416 2210 interuallo
442 2143 600 2227 sequitur:
625 2141 765 2207 Nolite
790 2161 939 2218 errare;
965 2161 1093 2224 neque
1116 2141 1394 2206 fornicatores

247 2250 516 2335 nequeidolis
538 2249 770 2315 seruientes
795 2268 923 2332 neque
948 2249 1129 2314 adulteri
1151 2267 1279 2331 neque
1303 2248 1396 2312 mol·

247 2361 308 2425 les
331 2376 458 2441 neque
492 2357 763 2421 masculorum
798 2357 1090 2421 concubitores
1123 2374 1251 2439 neque
1282 2354 1394 2419 fures

248 2484 376 2548 noque
405 2463 518 2528 auari
546 2482 673 2546 neque
703 2463 858 2528 ebriosi
886 2483 1015 2546 neque
1043 2462 1238 2527 maledici
1263 2479 1395 2547 neque

250 2573 439 2656 raptores
463 2589 629 2654 regnum
653 2567 716 2634 dei
740 2569 1025 2652 possidebunt.
1050 2569 1209 2633 ethaeo
1234 2567 1440 2651 quidemn

248 2677 404 2751 fuistis,
438 2675 508 2741 sed
543 2676 677 2740 abluti
710 2677 825 2755 estis,
860 2676 929 2741 sed
960 2674 1194 2740 iustificati
1223 2673 1327 2739 estis
1356 2673 1395 2737 in

250 2785 408 2850 nomine
433 2782 586 2848 domini
610 2783 703 2847 Iesu
728 2782 886 2848 Christi
910 2785 949 2848 et
972 2783 1127 2865 spiritu
1157 2782 1221 2848 dei
1252 2780 1395 2847 nostri.

251 2891 366 2973 quibus
389 2890 482 2954 lectis
508 2889 580 2968 dixi,
604 2892 642 2954 ut
664 2890 909 2969 considerarent,
934 2909 996 2972 quo
1020 2889 1113 2954 modo
1133 2891 1266 2971 possent
1284 2887 1396 2951 fideles

188 3017 189 3020 ¹
250 2997 372 3062 audire:
398 2996 467 3060 sod
495 2996 629 3061 abluti
658 2998 771 3073 ostis,
803 2997 857 3079 qui
885 2997 988 3061 adbuc
1015 2997 1090 3062 talis
1119 2995 1396 3080 concupiscentiae

251 3103 369 3180 sordes,
395 3105 503 3168 contra
526 3123 604 3185 quas
629 3104 790 3168 clauditur
810 3123 945 3188 regnum
968 3103 1139 3179 caelorum,
1157 3104 1190 3166 in
1210 3101 1302 3168 corde
1327 3119 1396 3177 suo,
1415 3131 1441 3171 rs

249 3210 283 3274 id
307 3211 410 3273 estin
434 3210 581 3274 interiore
606 3209 655 3273 dei
679 3211 800 3292 templo
816 3229 886 3274 esse
904 3211 1079 3293 patiuntur.
1103 3207 1175 3273 inde
1194 3210 1328 3272 uentum
1348 3211 1398 3270 est

252 3315 291 3380 ad
326 3315 409 3379 illud
445 3315 635 3398 capitulum:
677 3315 1031 3381 Conuenientibus
1070 3333 1163 3399 ergo
1200 3313 1320 3378 uobis
1358 3313 1397 3376 in

251 3442 368 3486 unum
396 3441 473 3486 non
502 3426 565 3487 est
592 3422 834 3488 dominicam
863 3442 997 3488 cenam
1031 3422 1248 3499 celebrare,
1282 3438 1397 3483 unus-

252 3529 426 3610 quisque
452 3528 554 3593 onim
578 3529 779 3612 propriam
809 3548 945 3594 cenam
968 3528 1197 3612 praesumit
1227 3527 1266 3590 in
1299 3545 1399 3590 man-

254 3634 435 3700 ducando
461 3637 500 3698 et
523 3635 630 3700 alius
656 3636 818 3719 quidem
843 3635 985 3714 esurit,
1018 3635 1124 3699 alius
1154 3633 1292 3698 ebrius
1323 3636 1397 3696 est.
1417 3665 1441 3705 ³0

341 3861 423 3914 anx.
444 3861 486 3924 32,
507 3862 540 3914 19
597 3859 839 3925 101001.5‚11
900 3859 1045 3915 lelcor.
1065 3860 1091 3924 6,
1110 3860 1196 3914 9-11
1253 3858 1398 3913 sulcet.

255 3950 297 4013 11,
317 3949 422 4003 20-22

290 4071 423 4125 lduritie
441 4089 467 4125 m
539 4073 634 4126 3bini
650 4073 683 4126 X
753 4072 891 4127 8seddito
911 4075 943 4127 X
1003 4074 1035 4126 15
1054 4073 1116 4141 lege
1135 4073 1169 4126 X
1224 4071 1259 4125 23
1278 4069 1401 4124 conside·

252 4163 344 4214 rarent
363 4162 404 4228 (re
422 4177 443 4214 s.
463 4178 490 4215 rc.
510 4179 544 4214 m.
559 4163 585 4230 1)
604 4163 636 4215 X
705 4162 740 4214 26
759 4163 787 4218 in
807 4179 857 4248 orn.
877 4163 909 4215 X
966 4163 1002 4217 30
1022 4165 1064 4216 est
1081 4161 1213 4231 numquid
1233 4160 1327 4214 domos
1346 4175 1401 4212 non

252 4247 360 4304 habetis
381 4248 414 4302 ad
434 4265 484 4303 om.
505 4256 530 4304 ct
550 4251 592 4304 est
609 4266 643 4304 m.
663 4255 678 4303 1
696 4267 716 4305 s.
736 4267 765 4307 c.
786 4251 851 4308 odd.
871 4252 902 4305 X
