3142 4992
558 373 825 441 epistularum
853 373 923 429 xlv,
951 374 1007 426 XV.
1313 381 1355 444 31,

206 564 363 640 occurrit3
392 563 447 628 sed
472 565 660 646 quadratum
684 585 885 649 nequaquam
910 569 1089 647 scriberem,
1113 570 1174 634 nisi
1204 574 1356 653 quattuor

206 670 306 734 simul
339 671 527 753 angulorum
559 673 714 737 rationem
745 674 895 741 intuerer.
928 675 974 739 ita
1007 675 1143 758 quilibet
1170 675 1266 742 homo
1293 697 1355 741 una

204 777 420 859 rationeque
442 778 537 842 homo
560 779 768 863 intellegitur,
789 781 893 845 factus
918 784 985 860 est3
1011 785 1044 845 at
1067 786 1104 846 ut
1125 785 1264 867 populus
1288 784 1353 856 fiat,

206 884 355 965 quamuis
389 888 420 949 et
451 886 522 969 ipsa
554 905 617 950 uua
648 886 739 965 ratio,
772 906 834 951 non
867 890 973 952 tamen
1004 889 1144 954 hominis
1178 891 1269 969 ratio,
1298 891 1355 955 sed

173 991 383 1056 shominum.
415 991 442 1056 si
469 993 569 1076 igitur
596 1013 667 1076 pars
697 993 794 1059 huius
821 994 963 1059 uniuersi
993 999 1042 1060 est
1064 996 1245 1073 Nebridius,
1270 997 1355 1061 sicut

205 1101 266 1176 est,
292 1101 323 1162 et
352 1117 444 1163 omne
472 1100 660 1164 uniuersum
687 1099 832 1182 partibus
861 1099 968 1178 confit,
992 1121 1053 1165 non
1082 1103 1189 1184 potuit
1211 1103 1355 1167 uniuersi

205 1203 350 1269 conditor
382 1205 460 1269 deus
493 1205 647 1270 rationem
679 1207 818 1288 partium
851 1227 913 1272 non
945 1208 1069 1272 habere.
1099 1228 1194 1290 quam
1223 1210 1354 1274 obrem

205 1311 291 1392 quod
326 1313 536 1395 plurimorum
573 1314 738 1377 hominum
775 1314 821 1378 ibi
856 1314 937 1378 ratio
975 1318 1034 1389 est,
1068 1334 1145 1380 non
1165 1316 1206 1379 ad
1245 1315 1353 1399 ipsum

202 1418 365 1482 hominem
410 1421 565 1502 pertinet,
613 1439 806 1516 quamquam
852 1421 941 1485 miris
987 1441 1114 1486 mrsum
1163 1423 1266 1487 modis
1313 1423 1353 1486 ad

156 1554 184 1590 ιο
203 1544 302 1588 unum
335 1527 441 1590 omnia
476 1528 670 1612 redigantur.
713 1528 769 1592 sed
805 1530 841 1592 tu
878 1528 910 1592 id
947 1529 1146 1594 commodius
1185 1530 1351 1614 cogitabis.

202 1631 254 1696 lris
287 1637 454 1699 contentus
487 1635 531 1699 sis
563 1634 690 1699 interim
722 1638 808 1717 peto,
842 1654 1035 1718 quamquam
1066 1637 1130 1701 iam
1163 1637 1351 1724 excesserim

202 1739 372 1804 Naeuium.

743 1971 812 2034 XV.

536 2127 758 2182 ROMANIANO
778 2128 1017 2183 AUGUSTINL'S.

5 2349 6 2374 ,
106 2270 122 2330 l
155 2301 182 2339 15
246 2271 318 2335 Non
333 2271 411 2335 haec
426 2270 565 2353 epistula
580 2271 626 2335 sic
645 2270 784 2353 inopiam
805 2271 930 2334 chartae
951 2269 1079 2347 indicat,
1095 2274 1133 2334 ut
1150 2271 1349 2335 membranas

203 2379 318 2442 saltem
351 2377 509 2441 abundare
546 2380 709 2442 testetur?
747 2377 883 2441 tabellas
922 2378 1087 2455 eburneas,
1122 2396 1200 2459 quas
1237 2378 1350 2452 habeo,

201 2487 360 2550 auunculo
378 2488 433 2549 tuo
451 2504 522 2548 cum
542 2485 659 2550 litteris
679 2485 763 2551 misi.
783 2487 820 2547 tu
841 2485 923 2548 enim
943 2484 1017 2548 lruio
1036 2484 1204 2567 pelliculae
1223 2484 1349 2573 facilius

199 2593 358 2674 ignosces,
384 2591 458 2673 qnia
482 2591 682 2656 differri‘non
707 2591 823 2674 potuit,
850 2591 935 2672 quod
958 2590 987 2654 ei
1012 2590 1134 2673 scripsi,
1156 2593 1188 2654 et
1210 2590 1270 2654 tibi
1289 2610 1349 2655 non

201 2698 339 2762 scribere
362 2697 458 2761 etiam
481 2696 718 2780 ineptissimum
747 2696 937 2760 existimaui.
963 2696 1019 2760 sed
1042 2696 1188 2771 tabellas,
1214 2695 1242 2760 si
1270 2715 1350 2777 quae

152 2835 181 2872 20
200 2804 247 2870 ibi
269 2807 394 2868 nostrae
419 2809 504 2881 sunt,
528 2806 658 2886 propter
681 2803 778 2868 huius
797 2803 884 2868 modi
903 2803 1113 2867 necessitates
1131 2802 1243 2866 mittas
1265 2805 1351 2884 peto.

201 2911 313 2994 scripsi
349 2910 498 2993 quiddam
536 2909 573 2974 de
613 2909 770 2975 catholica
805 2910 969 2994 religione,
1008 2911 1163 2992 quantum
1201 2908 1348 2972 dominus

238 3205 330 3274 ised]
352 3206 420 3259 siL
473 3206 642 3274 lunaipsa
665 3206 721 3259 VU
780 3204 1096 3274 ratiosedlratiosoL
1150 3205 1349 3258 dcumsitR

201 3310 220 3346 a
239 3295 363 3347 consistit
381 3294 419 3346 Pl
503 3296 518 3347 7
538 3296 657 3364 partium
676 3294 810 3348 rationem
828 3295 856 3348 R
875 3296 944 3361 acf
1022 3294 1038 3347 8
1058 3294 1202 3362 plurimum
1221 3293 1275 3346 LP
1293 3293 1348 3362 pri·

200 3399 273 3435 mum
292 3383 319 3438 R
339 3401 356 3436 a
375 3383 463 3453 prima
481 3385 521 3450 ef
572 3384 709 3436 hominem
730 3383 821 3451 (super
836 3388 957 3436 emm.1
971 3383 1036 3435 add¹
1055 3385 1109 3449 um)
1124 3383 1153 3436 R
1176 3404 1178 3407 ·
1207 3381 1245 3435 ibi
1260 3382 1347 3435 homi-

200 3489 262 3524 num
287 3471 314 3524 U
383 3470 533 3540 adnipsnm
554 3471 599 3537 (ad
618 3487 687 3526 erae.
700 3469 725 3536 ?)
746 3471 772 3523 L

288 3612 367 3666 Idem
386 3613 497 3676 codices
517 3613 565 3680 qai
582 3611 613 3665 ia
632 3629 672 3681 ep.
691 3612 776 3666 XIV.

235 3753 269 3806 ad
296 3754 480 3807 romanianum
510 3753 629 3806 eiusdem
653 3753 708 3806 LP
733 3752 852 3822 epistula
880 3752 1019 3821 angustini
1048 3751 1083 3804 ad
1110 3753 1296 3804 romanianum
1320 3754 1347 3804 It

199 3842 315 3910 epistula
330 3842 416 3894 sancti
428 3841 567 3910 augustini
578 3839 611 3894 ad
621 3839 809 3892 romanianum
822 3839 931 3905 P¹VU;
979 3839 1123 3907 inscriptio
1138 3839 1210 3892 dccet
1222 3839 1254 3891 ia
1269 3838 1346 3891 codd.

199 3935 224 3982 et
243 3929 302 3982 cdd.
318 3936 430 3998 practer·
447 3931 474 3982 P
492 3947 518 3982 m
585 3929 617 3981 16
635 3931 761 3993 testatur,
782 3944 850 3981 corr.
869 3930 988 3980 testetur
1006 3928 1033 3980 P
1089 3928 1120 3981 17
1142 3926 1276 3981 abunculo
1295 3927 1350 3980 LP

202 4021 281 4083 (corr.
302 4019 446 4086 auunculo)
468 4035 483 4070 a
502 4018 611 4070 uinculo
630 4018 658 4070 R
724 4017 756 4070 18
775 4017 895 4083 ignoscis
914 4016 968 4070 Lu
988 4033 1029 4070 ac
1101 4017 1134 4069 19
1152 4016 1300 4070 rescribere
1318 4014 1346 4069 R

201 4106 260 4162 cdd.
274 4114 423 4176 praeterae
442 4107 584 4161 scriberem
605 4116 640 4177 (m
661 4107 724 4173 del.)
743 4107 770 4160 U
822 4105 949 4169 indicaui,
969 4106 1000 4158 tra
1018 4122 1102 4174 maru.
1121 4123 1155 4161 m.
1171 4109 1190 4159 2
1204 4106 1233 4158 al
1252 4104 1346 4158 existi-

200 4197 273 4248 maui
296 4196 324 4249 U
378 4197 412 4250 20
431 4197 612 4258 necessitatis
632 4213 700 4253 corr.
720 4197 897 4250 necessitates
917 4195 944 4247 P
997 4197 1030 4248 21
1052 4195 1170 4264 qnidam,
1190 4209 1259 4249 corr.
1278 4198 1347 4248 or.1

200 4284 327 4353 quiddam
346 4287 373 4339 P

1242 4388 1274 4440 3*
