3142 4992
575 340 841 410 epistularum
869 339 1006 396 XXVIIII
1300 344 1363 406 119

215 537 349 620 periculi
372 534 591 620 magnitudine
615 537 703 600 tutor
726 537 759 600 et
782 535 976 619 gubernator
998 539 1106 600 noster
1121 536 1242 601 animos
1265 536 1364 600 facul-

215 647 378 726 tatemque
401 642 584 726 praebebat.
608 661 670 707 non
694 660 753 724 ego
782 642 911 706 illorum
935 642 1081 705 lacrimas
1110 641 1189 706 meis
1222 641 1363 707 lacrimis

215 749 313 826 moni,
339 748 395 813 sed
419 767 491 812 cum
510 747 589 812 talia
608 747 797 825 dicerentur,
816 748 927 826 fateor,
948 767 1058 813 eorum
1071 749 1154 832 ⁴fietu
1172 751 1363 831 praeuentus

216 875 322 920 meum
346 855 505 919 abstinere
528 872 589 918 non
612 854 714 937 potui.
746 857 875 918 etcum
904 854 969 918 iam
1001 855 1118 938 pariter
1149 854 1363 932 fleuissemus,

184 978 196 1014 ··›
215 962 401 1046 plenissima
416 981 471 1042 spe
487 960 692 1026 correctionis
706 960 834 1024 illorum
848 960 921 1025 finis
937 961 1090 1026 sermonis
1107 962 1169 1025 mei
1183 961 1288 1026 factus
1304 964 1363 1025 est.

172 1069 191 1131 8
258 1068 417 1133 Postridie
454 1087 530 1132 uero
569 1086 639 1131 cum
677 1066 848 1132 inluxisset
880 1067 959 1146 dies,
992 1069 1044 1132 cui
1078 1068 1223 1133 solebant
1254 1068 1362 1132 fauces

214 1177 406 1258 neutrosqne
431 1193 464 1240 se
487 1193 611 1256 parare,
635 1173 800 1238 nuntiatur
822 1173 902 1237 mihi
925 1174 1095 1239 nonnullos
1124 1192 1231 1239 eorum
1257 1173 1363 1253 etiam,

215 1282 270 1365 qui
295 1281 433 1347 sermoni
456 1281 596 1359 aderaut,
620 1281 804 1346 nonduma
836 1280 1088 1345 murmuratione
1121 1299 1264 1345 cessasse
1296 1283 1363 1346 tan-

213 1390 348 1470 tumque
378 1388 412 1452 in
445 1387 491 1453 eis
523 1387 629 1452 ualere
661 1387 729 1452 nim
761 1387 919 1470 pessimae
953 1385 1205 1465 consuetudinis,
1229 1389 1267 1451 ut
1293 1387 1362 1452 eius

170 1498 339 1559 utentum
362 1513 442 1560 noce
465 1496 631 1559 uterentur
664 1497 696 1559 et
729 1494 884 1560 dicerent:
908 1492 1023 1573 ‘Quare
1046 1493 1167 1559 modo?
1194 1513 1256 1558 non
1280 1493 1363 1558 enim

215 1603 315 1680 antea,
328 1602 382 1685 qui
391 1603 470 1667 haec
479 1621 540 1666 non
554 1601 793 1684 prohibuerunt,
805 1601 967 1665 christiani
982 1619 1043 1666 non
1058 1601 1165 1666 erant‘.
1177 1620 1238 1683 quo
1254 1600 1362 1665 audito

215 1729 293 1791 quas
313 1709 398 1774 sicut
415 1708 551 1773 maiores
570 1707 793 1773 commonendi
808 1726 862 1772 eos
876 1708 1040 1773 machinas
1053 1727 1281 1791 praepararem,
1297 1728 1362 1773 om-

213 1816 287 1880 nino
307 1815 502 1891 nesciebam
523 1814 728 1897 disponebam
747 1817 865 1892 tamen,
880 1814 908 1879 si
922 1815 1188 1898 perseuerandum
1202 1817 1361 1897 putarent,

212 1922 297 1987 lecto
316 1923 372 1987 illo
390 1924 462 1988 loco
482 1922 520 1986 de
539 1921 694 2003 propheta
711 1920 891 1986 Ezechiele:
916 1921 1111 2003 ‘Explorator
1130 1922 1317 2000 absoluitur,
1334 1921 1362 1986 si

169 2044 195 2083 1⁵
213 2029 387 2111 pericnlum
404 2028 647 2104 denuntiauerit,
664 2027 759 2091 etiam
775 2028 803 2092 si
814 2027 873 2106 illi,
890 2028 1006 2110 quibus
1021 2028 1234 2107 denuntiatur,
1251 2047 1362 2093 cauere

212 2135 383 2201 noluerint'
405 2133 599 2198 uestimenta
620 2152 692 2198 mea
716 2135 861 2199 excutere
885 2138 980 2217 atque
1000 2133 1171 2200 discedere.
1196 2137 1267 2198 tum
1284 2150 1360 2198 uero

214 2241 362 2306 dominus
386 2239 535 2316 ostendit,
560 2238 644 2321 quod
668 2257 726 2304 nos
749 2257 811 2302 non
836 2239 961 2303 deser-at
987 2241 1020 2304 et
1047 2240 1163 2322 quibus
1191 2239 1305 2319 modis,
1328 2240 1361 2304 in

215 2366 249 2411 se
273 2349 310 2410 ut
337 2364 589 2428 praesumamus,
618 2344 779 2420 hortetur,
808 2364 945 2427 namque
972 2348 1045 2409 ante
1073 2347 1193 2424 horam,
1222 2366 1285 2428 qna
1312 2366 1361 2410 en·

214 2453 341 2518 hedram
376 2452 630 2530 ascenderemus,
656 2452 795 2536 ingressi
823 2456 899 2516 sunt
926 2450 965 2516 ad
987 2471 1038 2516 me
1065 2452 1150 2517 idem
1178 2453 1250 2536 ipsi,
1280 2472 1359 2535 quos

169 2581 195 2619 ro
214 2560 374 2624 audieram
399 2559 436 2624 de
461 2559 695 2644 oppugnatione
718 2563 868 2624 uetustae
892 2560 1131 2625 consuetudinis
1160 2559 1259 2625 fuisse
1288 2579 1360 2625 con·

214 2671 355 2749 questos.
388 2685 468 2748 quos
501 2665 616 2730 blande
649 2669 799 2749 acceptos
831 2665 943 2749 paucis
977 2665 1083 2729 uerbis
1111 2666 1143 2730 in
1169 2665 1358 2730 sententiam

214 2793 322 2837 sanam
344 2773 503 2839 naustuli
533 2775 627 2854 atque
655 2772 711 2837 ubi
739 2775 872 2837 uentum
897 2776 947 2837 est
970 2771 1010 2836 ad
1032 2774 1159 2855 tempus
1191 2772 1359 2855 disputati·

214 2878 294 2957 onie,
327 2879 446 2943 omissa
477 2879 624 2956 lectione,
656 2899 751 2960 quam
781 2898 1051 2962 praeparaueram,
1082 2879 1155 2963 quia
1182 2879 1360 2945 necessaria

212 2987 276 3050 iam
300 3005 361 3051 non
389 2985 568 3063 uidebatur,
598 2985 636 3050 de
663 2986 723 3050 hac
755 2986 827 3069 ipsa
859 2987 1045 3068 quaestione
1076 3005 1179 3069 panca
1210 2986 1358 3065 disserui,

163 3079 193 3154 'aa
212 3092 292 3157 nihil
315 3111 372 3156 nos
396 3111 453 3156 nec
476 3092 608 3156 breuius
632 3111 691 3157 nee
713 3093 823 3158 uerius
846 3112 942 3175 posse
966 3093 1086 3157 adferre
1115 3093 1268 3157 aduersus
1293 3111 1358 3170 eos,

213 3199 267 3279 qui
291 3198 416 3262 dicunt:
441 3196 555 3277 ‘Quare
577 3199 706 3264 modo?'
728 3199 791 3264 nisi
815 3202 847 3264 et
869 3218 927 3265 nos
952 3199 1109 3264 dicamus:
1139 3200 1210 3263 ‘Vel
1241 3199 1357 3265 modo'.

168 3302 188 3364 9
257 3304 501 3369 Verumtamen
525 3323 564 3369 no
586 3304 645 3383 illi,
666 3308 722 3388 qni
745 3308 819 3370 ante
842 3325 901 3371 nos
924 3310 991 3369 tam
1014 3305 1184 3371 manifesta
1205 3305 1359 3388 inperitae

212 3411 428 3476 multitudinis
452 3412 586 3478 crimina
607 3412 661 3478 uel
683 3413 897 3495 permiserunt
920 3414 973 3477 nel
995 3412 1161 3494 prohibere
1193 3432 1255 3477 non
1288 3413 1359 3477 ausi

305 3602 337 3654 14
356 3600 389 3656 or.
408 3601 504 3658 azeca.
524 3573 568 3667 aa,
588 3603 604 3657 9

248 3707 264 3760 3
287 3707 400 3760 mouisse
424 3709 590 3776 praeuentus
612 3724 701 3762 meum
728 3707 865 3764 abstinere
888 3727 942 3763 non
961 3708 1151 3780 potui'tfateor
1174 3727 1265 3764 eorum
1291 3710 1358 3764 fletu

211 3798 374 3865 praeuentus
393 3811 483 3848 meum
502 3794 639 3850 abstinere
657 3813 711 3850 non
729 3798 808 3867 potui
827 3800 855 3851 et
874 3815 933 3852 cum
952 3799 1007 3852 iam
1023 3799 1064 3866 (in
1077 3815 1134 3854 ras,
1148 3799 1235 3867 fuisse
1248 3798 1359 3852 affletur

211 3884 271 3948 sed;
290 3902 324 3938 m.
344 3884 408 3939 2c‘ra
423 3886 546 3954 murciae
560 3885 626 3940 add.
641 3885 688 3940 sed
704 3902 764 3940 cum
777 3886 846 3941 talia
861 3886 1015 3942 dicerentur
1027 3888 1117 3943 fateor
1131 3905 1221 3942 eorum
1236 3887 1313 3955 fletu)
1327 3888 1359 3940 X

212 3975 370 4044 iseparare
389 3975 421 4028 X
485 3974 518 4028 10
536 3973 644 4028 modum
665 3976 696 4029 X
760 3975 792 4029 ll
813 3976 909 4030 auditu
927 3978 959 4030 X
1031 3978 1064 4030 12
1084 3978 1176 4046 quasit
1195 3977 1308 4030 maiores
1327 3977 1360 4030 X

212 4080 277 4132 quas
296 4064 410 4118 maiores
425 4079 452 4117 m
526 4064 559 4117 13
578 4065 693 4133 putarcn
705 4104 781 4119 .....
793 4065 841 4118 1110
860 4064 929 4131 1000,
946 4082 982 4120 m.
1001 4068 1022 4119 2
1038 4066 1070 4119 in
1089 4066 1193 4120 lacuna
1211 4069 1224 4118 t
1242 4065 1313 4119 lecto
1327 4065 1359 4117 X

212 4150 245 4202 14
264 4150 386 4205 ezechiae
404 4151 510 4205 100οΧ
567 4152 600 4206 15
618 4151 718 4206 illisX
773 4152 806 4205 17
826 4152 909 4221 quod]
930 4153 1044 4221 quan
1098 4152 1131 4206 18
1145 4169 1198 4222 qua
1212 4153 1238 4222 (a
1255 4152 1288 4206 in
1299 4168 1356 4206 ras.

210 4253 244 4292 m.
262 4238 290 4308 2)
308 4240 340 4292 X
392 4239 427 4294 20
446 4239 584 4304 audierim,
602 4256 637 4294 m.
655 4243 675 4294 2
694 4240 832 4295 audieram
850 4242 881 4293 X
