3142 4992
236 355 276 416 28
599 347 626 401 S.
654 348 793 402 Aureli
820 346 1044 416 Augustini

233 566 295 611 non
324 545 460 609 absurde
488 543 642 609 uindicat.
680 544 774 608 uelut
800 544 834 606 in
862 543 928 607 illis
956 542 1061 607 tribus
1091 543 1261 628 generibus
1290 562 1384 624 quae-

235 654 385 730 stionum,
412 652 508 717 etiam
533 653 561 716 31
585 653 764 735 quaeratur,
789 671 829 716 an
853 652 906 728 sit,
934 651 980 714 ibi
1004 654 1054 715 est
1078 654 1109 715 et
1134 651 1211 734 quid
1234 652 1287 727 sit,
1313 669 1383 715 esse

195 759 199 767 '
234 761 318 825 enim
351 780 414 825 non
446 762 555 842 potest
582 760 737 842 profecto,
767 759 830 823 nisi
859 758 981 840 aliquid
1009 759 1070 834 sit;
1103 759 1149 822 ibi
1177 759 1286 836 etiam,
1314 777 1385 840 prc-

232 868 373 932 bandum
409 865 680 949 inprobandumne
719 867 776 942 sit,
820 866 971 949 quicquid
1008 866 1092 930 enim
1131 868 1189 942 est,
1232 865 1385 930 nonnulla

234 974 456 1039 aestimatione
489 973 620 1056 dignum
655 976 721 1048 est;
755 973 802 1036 ita
837 992 910 1038 cnm
948 974 1120 1055 quaeritur,
1150 972 1227 1054 quid
1255 973 1308 1049 sit,
1331 991 1383 1036 ne·
1417 990 1431 1030 s

234 1099 323 1146 cesse
357 1084 416 1158 est,
450 1083 487 1145 ut
520 1083 553 1143 et
585 1080 628 1144 sit
661 1082 693 1144 31
726 1081 832 1162 aliqua
865 1081 1086 1144 aestimatione
1117 1081 1291 1163 pendatur3
1324 1081 1385 1144 hoc

232 1187 447 1252 modoetiam
474 1205 547 1252 cum
572 1187 743 1268 quaeritur,
769 1187 862 1268 quale
892 1186 944 1262 sit,
975 1189 1007 1250 et
1035 1185 1157 1268 aliquid
1184 1188 1234 1250 est
1261 1185 1383 1266 utique.

232 1294 278 1358 ita
302 1314 374 1359 cum
400 1294 463 1358 sibi
485 1292 740 1376 inseparabiliter
761 1294 872 1357 iuncta
895 1295 970 1358 sunt
993 1293 1108 1368 omnia,
1139 1312 1254 1357 nomen
1276 1297 1383 1356 tamen

234 1401 379 1484 quaestio
404 1419 464 1465 non
490 1419 526 1464 31
551 1400 699 1465 omnibus
723 1401 850 1482 arripit,
875 1400 933 1464 sed
957 1404 994 1463 ut
1021 1419 1091 1465 sese
1120 1400 1268 1464 habuerit
1291 1419 1385 1483 quae-

232 1508 331 1572 rentis
351 1507 497 1572 intentio.
522 1525 597 1592 ergo
622 1507 792 1589 disciplina
814 1508 998 1572 hominibus
1019 1510 1085 1572 crat
1108 1507 1297 1583 necessaria,
1322 1526 1385 1588 qua
1404 1525 1433 1564 10

232 1615 439 1678 inbuerentur
479 1615 511 1676 et
540 1633 603 1696 qua
631 1613 670 1677 ad
697 1615 829 1680 modum
858 1615 1080 1679 formarentur.
1117 1633 1193 1678 num
1222 1617 1328 1677 tamen
1351 1613 1385 1675 id

232 1721 349 1803 ipsum,
375 1721 460 1803 quod
482 1739 538 1803 per
561 1721 643 1785 hanc
667 1720 870 1802 disciplinam
893 1722 931 1785 fit
952 1722 985 1786 in
1014 1722 1294 1795 hominibus,·aut
1321 1739 1382 1784 non

235 1846 502 1910 essepossumus
528 1827 631 1892 dicere
656 1831 795 1892 autnon
824 1828 1064 1911 appetendum?
1102 1827 1159 1893 sed
1186 1828 1268 1892 scire
1295 1827 1384 1909 prius

233 1933 439 2012 intendimus,
461 1938 493 1998 et
515 1953 572 2017 per
597 1933 683 2016 quod
707 1935 904 1999 coniciamus
928 1934 1049 2018 aliquid
1072 1937 1104 1999 31
1126 1935 1158 1998 13
1179 1953 1241 2018 quo
1260 1953 1384 1998 manea-

233 2059 316 2104 mus.
359 2040 602 2106 demonstranda
636 2042 736 2125 igitur
776 2043 865 2124 prius
903 2044 971 2107 erat
1012 2043 1167 2125 quaedam
1203 2060 1313 2106 norma
1350 2043 1384 2106 31
1403 2054 1433 2093 ¹⁵

233 2149 344 2232 regula
371 2147 567 2230 disciplinae.
598 2149 684 2230 quod
710 2149 830 2213 factum
865 2151 915 2214 est
945 2169 1001 2231 per
1032 2151 1122 2214 illam
1155 2148 1296 2230 suscepti
1327 2149 1384 2212 ho-

234 2254 330 2318 minis
364 2254 644 2337 dispensationem,
684 2275 763 2337 quae
796 2257 921 2339 proprie
954 2256 1020 2321 filio
1053 2255 1220 2321 tribuenda
1253 2259 1312 2331 331,
1347 2257 1385 2317 111

235 2362 321 2424 33331
352 2379 548 2442 consequens
581 2366 614 2424 et
635 2361 738 2444 ipsius
762 2363 872 2444 patric,
900 2362 934 2426 id
963 2366 1012 2426 est
1039 2363 1133 2426 unius
1161 2361 1318 2444 principii,
1347 2381 1385 2424 ex

235 2485 296 2548 quo
326 2470 400 2531 sunt
428 2468 542 2545 omnia,
577 2469 716 2553 cognitio
745 2488 801 2551 per
832 2469 936 2533 filium
960 2472 993 2533 31
1016 2469 1171 2552 quaedam
1199 2468 1331 2532 interior
1353 2470 1386 2532 et

233 2573 402 2638 ineffabilis
440 2575 583 2639 suauitas
624 2579 718 2659 atque
756 2576 891 2640 dulcedo
927 2578 960 2640 in
997 2577 1061 2641 ista
1096 2577 1279 2659 cognitione
1315 2596 1385 2659 per·
1404 2595 1434 2633 20

235 2679 383 2743 manendi
425 2682 708 2764 contemnendique
747 2683 855 2746 omnia
890 2684 1047 2760 mortalia,
1080 2683 1165 2765 quod
1203 2683 1320 2748 donum
1353 2686 1386 2747 et

234 2805 350 2850 munus
379 2788 504 2870 proprie
534 2789 661 2870 spiritui
690 2793 799 2854 sancto
823 2790 984 2855 tribuitur.
1028 2809 1101 2874 ergo
1141 2809 1213 2854 cum
1251 2793 1386 2874 agantur

236 2894 341 2957 omnia
365 2913 491 2958 summa
514 2897 737 2960 communione
757 2900 790 2960 et
806 2897 1089 2980 inseparabilitate,
1109 2900 1215 2961 tamen
1235 2896 1386 2961 distincte

236 2999 481 3065 demonstranda
514 3005 602 3066 erant
633 3007 761 3086 propter
793 3004 1035 3069 inbecillitatem
1073 3008 1225 3081 nostram,
1259 3004 1312 3086 qui
1345 3005 1385 3067 ab

235 3107 358 3171 unitate
389 3107 422 3172 13
454 3109 641 3174 uarietatem
674 3111 756 3193 lapsi
790 3131 912 3178 sumus.
951 3131 1043 3176 nemo
1076 3112 1159 3175 enim
1193 3130 1386 3194 quemquam
1406 3127 1434 3165 2⁵

236 3213 330 3296 erigit
354 3213 458 3288 adid,
483 3214 515 3277 in
540 3233 600 3297 quc
625 3216 694 3296 ipse
719 3221 777 3294 est,
802 3217 864 3282 nisi
897 3219 1093 3300 aliquantum
1128 3219 1167 3282 ad
1199 3218 1242 3296 id,
1265 3218 1299 3282 in
1322 3237 1386 3300 quo

236 3323 286 3384 ost
316 3320 381 3397 1113,
406 3320 586 3384 descendat.
620 3319 718 3386 habes
747 3323 930 3405 epistulam,
960 3341 1020 3387 non
1051 3342 1131 3404 quae
1159 3327 1248 3387 tuam
1276 3342 1385 3410 curam

236 3425 274 3490 de
302 3427 361 3490 hac
390 3446 422 3491 re
451 3425 576 3502 finierit,
606 3427 662 3491 sed
686 3448 766 3511 quae
791 3430 1001 3513 cogitationes
1035 3431 1107 3493 tuas
1136 3434 1220 3496 certo
1249 3432 1387 3494 fortasse

236 3532 341 3615 aliquo
369 3534 574 3599 fundamento
604 3534 811 3613 inchoauerit,
836 3539 873 3600 ut
901 3539 1005 3600 cetera
1032 3537 1169 3620 ingenio,
1194 3537 1279 3620 quod
1306 3537 1388 3600 mihi

237 3639 441 3704 notissimum
467 3643 526 3717 331,
550 3643 750 3724 persequaris
781 3646 814 3706 et
840 3644 969 3726 pietate,
995 3644 1208 3709 cui'maxime
1237 3643 1387 3708 standum
1408 3661 1436 3700 co

237 3747 295 3820 est,
321 3747 534 3828 consequaris.

272 4076 290 4126 4
308 4073 550 4142 improbandumue
575 4076 631 4131 VU
647 4077 707 4130 cdd.
796 4082 846 4141 est,
865 4079 897 4131 in
914 4093 999 4147 morp.
1018 4096 1052 4131 m.
1073 4081 1092 4130 2
1111 4079 1148 4131 sit
1170 4078 1197 4132 U
1274 4079 1290 4129 6
1309 4082 1340 4130 ut
1359 4081 1388 4130 31

237 4161 283 4230 311]
307 4164 338 4214 31
361 4163 397 4214 311
422 4161 450 4216 U
537 4164 649 4224 83331,
675 4182 744 4218 corr.
764 4183 798 4219 m.
817 4172 832 4218 1
851 4167 908 4219 sint
928 4169 954 4220 P
1043 4167 1076 4220 lo
1096 4168 1164 4236 erat]
1189 4169 1231 4219 est
1252 4166 1386 4220 VUedd.

238 4250 268 4302 11
287 4250 407 4318 quemP
460 4251 533 4320 num]
554 4270 608 4305 non
631 4253 763 4307 VUedd.
837 4255 877 4324 id]
896 4255 924 4308 in
943 4255 972 4308 id
991 4256 1018 4308 P
1070 4256 1104 4308 25
1124 4255 1152 4308 in
1172 4255 1308 4308 uarietate
1327 4255 1354 4305 P
