<?xml version="1.0" encoding="UTF-8"?>
<!DOCTYPE html PUBLIC "-//W3C//DTD XHTML 1.0 Transitional//EN"
    "http://www.w3.org/TR/xhtml1/DTD/xhtml1-transitional.dtd">
<html xmlns="http://www.w3.org/1999/xhtml" xml:lang="en" lang="en">
 <head>
  <title>
</title>
<meta http-equiv="Content-Type" content="text/html;charset=utf-8" />
  <meta name='ocr-system' content='tesseract 3.04.00' />
  <meta name='ocr-capabilities' content='ocr_page ocr_carea ocr_par ocr_line ocrx_word'/>
</head>
<body>
  <div class='ocr_page' id='page_1' title='image "./corpusscriptoru15wiengoog_0049.png"; bbox 0 0 3142 4992; ppageno 0'>
   <div class='ocr_carea' id='block_1_1' title="bbox 16 195 1307 458">
    <p class='ocr_par' dir='ltr' id='par_1_1' title="bbox 16 195 1307 538">
     <span class='ocr_line' id='line_1_1' title="bbox 16 195 18 338; baseline 0 0"><span class='ocrx_word' id='word_1_1' title='bbox 16 195 18 338; x_wconf 72' lang='grc' dir='ltr'>ζ</span> 
     </span>
     <span class='ocr_line' id='line_1_2' title="bbox 553 389 1307 458; baseline 0.003 -17.336"><span class='ocrx_word' id='word_1_2' title='bbox 553 390 819 458; x_wconf 80' lang='lat' dir='ltr'>epistularum</span> <span class='ocrx_word' id='word_1_3' title='bbox 845 389 931 444; x_wconf 89' lang='lat' dir='ltr'>XVII.</span> <span class='ocrx_word' id='word_1_4' title='bbox 1267 396 1307 457; x_wconf 81' lang='grc'>4]</span> 
     </span>
    </p>
   </div>
   <div class='ocr_carea' id='block_1_2' title="bbox 16 581 1309 3013">
    <p class='ocr_par' dir='ltr' id='par_1_2' title="bbox 84 581 1309 775">
     <span class='ocr_line' id='line_1_3' title="bbox 84 581 1309 668; baseline -0.002 -19"><span class='ocrx_word' id='word_1_5' title='bbox 84 581 103 641; x_wconf 75' lang='lat'><strong>2</strong></span> <span class='ocrx_word' id='word_1_6' title='bbox 197 585 280 649; x_wconf 88' lang='lat' dir='ltr'>Nam</span> <span class='ocrx_word' id='word_1_7' title='bbox 314 583 399 666; x_wconf 88' lang='lat' dir='ltr'>quod</span> <span class='ocrx_word' id='word_1_8' title='bbox 430 583 557 649; x_wconf 91' lang='lat' dir='ltr'>nomina</span> <span class='ocrx_word' id='word_1_9' title='bbox 589 585 743 666; x_wconf 82' lang='lat' dir='ltr'>quaedam</span> <span class='ocrx_word' id='word_1_10' title='bbox 764 588 965 649; x_wconf 89' lang='lat' dir='ltr'>mortuorum</span> <span class='ocrx_word' id='word_1_11' title='bbox 989 585 1111 648; x_wconf 85' lang='lat' dir='ltr'>Punica</span> <span class='ocrx_word' id='word_1_12' title='bbox 1139 583 1309 668; x_wconf 85' lang='lat' dir='ltr'>collegisti,</span> 
     </span>
     <span class='ocr_line' id='line_1_4' title="bbox 155 692 1308 775; baseline -0.002 -19"><span class='ocrx_word' id='word_1_13' title='bbox 155 693 272 772; x_wconf 92' lang='lat' dir='ltr'>quibus</span> <span class='ocrx_word' id='word_1_14' title='bbox 305 693 336 754; x_wconf 88' lang='lat' dir='ltr'>in</span> <span class='ocrx_word' id='word_1_15' title='bbox 371 695 512 757; x_wconf 89' lang='lat' dir='ltr'>nostram</span> <span class='ocrx_word' id='word_1_16' title='bbox 544 692 732 775; x_wconf 88' lang='lat' dir='ltr'>religionem</span> <span class='ocrx_word' id='word_1_17' title='bbox 763 693 909 769; x_wconf 88' lang='lat' dir='ltr'>festinas,</span> <span class='ocrx_word' id='word_1_18' title='bbox 944 695 980 756; x_wconf 88' lang='lat' dir='ltr'>ut</span> <span class='ocrx_word' id='word_1_19' title='bbox 1011 692 1071 756; x_wconf 87' lang='lat' dir='ltr'>tibi</span> <span class='ocrx_word' id='word_1_20' title='bbox 1105 692 1212 756; x_wconf 90' lang='lat' dir='ltr'>uisum</span> <span class='ocrx_word' id='word_1_21' title='bbox 1248 693 1308 772; x_wconf 87' lang='lat' dir='ltr'>est,</span> 
     </span>
    </p>

    <p class='ocr_par' dir='ltr' id='par_1_3' title="bbox 16 795 1309 3013">
     <span class='ocr_line' id='line_1_5' title="bbox 16 795 1308 881; baseline -0.002 -19"><span class='ocrx_word' id='word_1_22' title='bbox 16 795 18 838; x_wconf 67' lang='lat' dir='ltr'>l</span> <span class='ocrx_word' id='word_1_23' title='bbox 155 799 366 864; x_wconf 73' lang='lat' dir='ltr'>contumelias</span> <span class='ocrx_word' id='word_1_24' title='bbox 390 798 549 862; x_wconf 88' lang='lat' dir='ltr'>iaciendas</span> <span class='ocrx_word' id='word_1_25' title='bbox 573 801 713 881; x_wconf 87' lang='lat' dir='ltr'>putares,</span> <span class='ocrx_word' id='word_1_26' title='bbox 736 799 854 874; x_wconf 88' lang='lat' dir='ltr'>nescio,</span> <span class='ocrx_word' id='word_1_27' title='bbox 878 801 984 863; x_wconf 91' lang='lat' dir='ltr'>utrum</span> <span class='ocrx_word' id='word_1_28' title='bbox 1004 799 1147 862; x_wconf 85' lang='lat' dir='ltr'>refellere</span> <span class='ocrx_word' id='word_1_29' title='bbox 1167 798 1308 872; x_wconf 85' lang='lat' dir='ltr'>debeam,</span> 
     </span>
     <span class='ocr_line' id='line_1_6' title="bbox 155 905 1308 987; baseline -0.001 -19"><span class='ocrx_word' id='word_1_30' title='bbox 155 925 194 968; x_wconf 89' lang='lat' dir='ltr'>an</span> <span class='ocrx_word' id='word_1_31' title='bbox 227 905 353 969; x_wconf 90' lang='lat' dir='ltr'>silentio</span> <span class='ocrx_word' id='word_1_32' title='bbox 387 905 567 987; x_wconf 88' lang='lat' dir='ltr'>praeterire.</span> <span class='ocrx_word' id='word_1_33' title='bbox 603 905 631 970; x_wconf 88' lang='lat' dir='ltr'>si</span> <span class='ocrx_word' id='word_1_34' title='bbox 660 906 744 969; x_wconf 88' lang='lat' dir='ltr'>enim</span> <span class='ocrx_word' id='word_1_35' title='bbox 771 925 821 969; x_wconf 91' lang='lat' dir='ltr'>res</span> <span class='ocrx_word' id='word_1_36' title='bbox 849 907 930 970; x_wconf 90' lang='lat' dir='ltr'>istae</span> <span class='ocrx_word' id='word_1_37' title='bbox 957 911 1023 968; x_wconf 92' lang='lat' dir='ltr'>tarn</span> <span class='ocrx_word' id='word_1_38' title='bbox 1047 905 1197 970; x_wconf 90' lang='lat' dir='ltr'>uidentur</span> <span class='ocrx_word' id='word_1_39' title='bbox 1219 905 1308 968; x_wconf 92' lang='lat' dir='ltr'>leues</span> 
     </span>
     <span class='ocr_line' id='line_1_7' title="bbox 121 1012 1308 1096; baseline -0.002 -21"><span class='ocrx_word' id='word_1_40' title='bbox 121 1015 232 1075; x_wconf 80' lang='lat' dir='ltr'>stuae</span> <span class='ocrx_word' id='word_1_41' title='bbox 266 1012 427 1096; x_wconf 85' lang='lat' dir='ltr'>grauitati,</span> <span class='ocrx_word' id='word_1_42' title='bbox 462 1032 556 1094; x_wconf 89' lang='lat' dir='ltr'>quam</span> <span class='ocrx_word' id='word_1_43' title='bbox 590 1015 674 1088; x_wconf 91' lang='lat' dir='ltr'>sunt,</span> <span class='ocrx_word' id='word_1_44' title='bbox 707 1013 805 1077; x_wconf 90' lang='lat' dir='ltr'>iocari</span> <span class='ocrx_word' id='word_1_45' title='bbox 837 1012 916 1076; x_wconf 88' lang='lat' dir='ltr'>milri</span> <span class='ocrx_word' id='word_1_46' title='bbox 948 1032 1009 1076; x_wconf 89' lang='lat' dir='ltr'>non</span> <span class='ocrx_word' id='word_1_47' title='bbox 1039 1013 1177 1074; x_wconf 90' lang='lat' dir='ltr'>multum</span> <span class='ocrx_word' id='word_1_48' title='bbox 1202 1014 1308 1085; x_wconf 74' lang='lat' dir='ltr'>uacat3</span> 
     </span>
     <span class='ocr_line' id='line_1_8' title="bbox 156 1118 1309 1202; baseline -0.002 -20"><span class='ocrx_word' id='word_1_49' title='bbox 156 1119 184 1182; x_wconf 89' lang='lat' dir='ltr'>si</span> <span class='ocrx_word' id='word_1_50' title='bbox 208 1121 314 1182; x_wconf 88' lang='lat' dir='ltr'>autem</span> <span class='ocrx_word' id='word_1_51' title='bbox 348 1139 461 1202; x_wconf 83' lang='lat' dir='ltr'>graues</span> <span class='ocrx_word' id='word_1_52' title='bbox 494 1119 554 1184; x_wconf 90' lang='lat' dir='ltr'>tibi</span> <span class='ocrx_word' id='word_1_53' title='bbox 577 1119 740 1198; x_wconf 90' lang='lat' dir='ltr'>uidentur,</span> <span class='ocrx_word' id='word_1_54' title='bbox 764 1120 871 1195; x_wconf 92' lang='lat' dir='ltr'>miror,</span> <span class='ocrx_word' id='word_1_55' title='bbox 897 1119 981 1202; x_wconf 92' lang='lat' dir='ltr'>quod</span> <span class='ocrx_word' id='word_1_56' title='bbox 1007 1119 1173 1183; x_wconf 90' lang='lat' dir='ltr'>nominum</span> <span class='ocrx_word' id='word_1_57' title='bbox 1201 1118 1309 1182; x_wconf 88' lang='lat' dir='ltr'>absur-</span> 
     </span>
     <span class='ocr_line' id='line_1_9' title="bbox 156 1225 1309 1291; baseline -0.002 -3"><span class='ocrx_word' id='word_1_58' title='bbox 156 1225 255 1289; x_wconf 78' lang='lat' dir='ltr'>ditate</span> <span class='ocrx_word' id='word_1_59' title='bbox 280 1229 438 1290; x_wconf 90' lang='lat' dir='ltr'>commoto</span> <span class='ocrx_word' id='word_1_60' title='bbox 462 1226 494 1288; x_wconf 89' lang='lat' dir='ltr'>in</span> <span class='ocrx_word' id='word_1_61' title='bbox 513 1229 652 1291; x_wconf 79' lang='lat' dir='ltr'>mentem</span> <span class='ocrx_word' id='word_1_62' title='bbox 672 1245 733 1290; x_wconf 91' lang='lat' dir='ltr'>non</span> <span class='ocrx_word' id='word_1_63' title='bbox 753 1227 876 1290; x_wconf 89' lang='lat' dir='ltr'>uenerit</span> <span class='ocrx_word' id='word_1_64' title='bbox 893 1226 1007 1290; x_wconf 88' lang='lat' dir='ltr'>habere</span> <span class='ocrx_word' id='word_1_65' title='bbox 1028 1244 1085 1289; x_wconf 91' lang='lat' dir='ltr'>uos</span> <span class='ocrx_word' id='word_1_66' title='bbox 1106 1227 1138 1288; x_wconf 90' lang='lat' dir='ltr'>et</span> <span class='ocrx_word' id='word_1_67' title='bbox 1155 1225 1187 1288; x_wconf 91' lang='lat' dir='ltr'>in</span> <span class='ocrx_word' id='word_1_68' title='bbox 1206 1242 1309 1288; x_wconf 89' lang='lat' dir='ltr'>sacer-</span> 
     </span>
     <span class='ocr_line' id='line_1_10' title="bbox 157 1331 1306 1414; baseline -0.001 -19"><span class='ocrx_word' id='word_1_69' title='bbox 157 1332 285 1396; x_wconf 89' lang='lat' dir='ltr'>dotibus</span> <span class='ocrx_word' id='word_1_70' title='bbox 309 1331 503 1396; x_wconf 80' lang='lat' dir='ltr'>Eucaddires</span> <span class='ocrx_word' id='word_1_71' title='bbox 529 1332 614 1396; x_wconf 90' lang='lat' dir='ltr'>etin</span> <span class='ocrx_word' id='word_1_72' title='bbox 638 1333 822 1396; x_wconf 85' lang='lat' dir='ltr'>numinibus</span> <span class='ocrx_word' id='word_1_73' title='bbox 845 1331 1031 1398; x_wconf 84' lang='lat' dir='ltr'>Abaddires.</span> <span class='ocrx_word' id='word_1_74' title='bbox 1056 1350 1116 1394; x_wconf 91' lang='lat' dir='ltr'>non</span> <span class='ocrx_word' id='word_1_75' title='bbox 1140 1334 1218 1412; x_wconf 89' lang='lat' dir='ltr'>puto</span> <span class='ocrx_word' id='word_1_76' title='bbox 1249 1350 1306 1414; x_wconf 87' lang='lat' dir='ltr'>ego</span> 
     </span>
     <span class='ocr_line' id='line_1_11' title="bbox 155 1438 1307 1517; baseline -0.002 -15"><span class='ocrx_word' id='word_1_77' title='bbox 155 1439 219 1503; x_wconf 90' lang='lat' dir='ltr'>ista</span> <span class='ocrx_word' id='word_1_78' title='bbox 240 1438 310 1516; x_wconf 89' lang='lat' dir='ltr'>tibi,</span> <span class='ocrx_word' id='word_1_79' title='bbox 336 1457 409 1502; x_wconf 89' lang='lat' dir='ltr'>cum</span> <span class='ocrx_word' id='word_1_80' title='bbox 433 1439 597 1516; x_wconf 84' lang='lat' dir='ltr'>scriberes,</span> <span class='ocrx_word' id='word_1_81' title='bbox 621 1440 652 1502; x_wconf 92' lang='lat' dir='ltr'>in</span> <span class='ocrx_word' id='word_1_82' title='bbox 677 1439 780 1502; x_wconf 91' lang='lat' dir='ltr'>animo</span> <span class='ocrx_word' id='word_1_83' title='bbox 806 1458 867 1504; x_wconf 93' lang='lat' dir='ltr'>non</span> <span class='ocrx_word' id='word_1_84' title='bbox 885 1440 997 1517; x_wconf 89' lang='lat' dir='ltr'>fuisse,</span> <span class='ocrx_word' id='word_1_85' title='bbox 1018 1438 1074 1504; x_wconf 89' lang='lat' dir='ltr'>sed</span> <span class='ocrx_word' id='word_1_86' title='bbox 1092 1457 1179 1502; x_wconf 92' lang='lat' dir='ltr'>more</span> <span class='ocrx_word' id='word_1_87' title='bbox 1197 1439 1307 1501; x_wconf 89' lang='lat' dir='ltr'>huma-</span> 
     </span>
     <span class='ocr_line' id='line_1_12' title="bbox 108 1543 1306 1625; baseline -0.001 -18"><span class='ocrx_word' id='word_1_88' title='bbox 108 1569 135 1607; x_wconf 80' lang='grc' dir='ltr'>ιο</span> <span class='ocrx_word' id='word_1_89' title='bbox 156 1545 265 1608; x_wconf 87' lang='lat' dir='ltr'>nitatis</span> <span class='ocrx_word' id='word_1_90' title='bbox 286 1546 317 1608; x_wconf 87' lang='lat' dir='ltr'>et</span> <span class='ocrx_word' id='word_1_91' title='bbox 335 1545 453 1625; x_wconf 86' lang='lat' dir='ltr'>leporis</span> <span class='ocrx_word' id='word_1_92' title='bbox 472 1545 521 1608; x_wconf 92' lang='lat' dir='ltr'>tui</span> <span class='ocrx_word' id='word_1_93' title='bbox 541 1545 811 1610; x_wconf 87' lang='lat' dir='ltr'>commonefacere</span> <span class='ocrx_word' id='word_1_94' title='bbox 831 1563 887 1609; x_wconf 88' lang='lat' dir='ltr'>nos</span> <span class='ocrx_word' id='word_1_95' title='bbox 903 1545 1037 1609; x_wconf 89' lang='lat' dir='ltr'>uoluisti</span> <span class='ocrx_word' id='word_1_96' title='bbox 1051 1544 1090 1608; x_wconf 90' lang='lat' dir='ltr'>ad</span> <span class='ocrx_word' id='word_1_97' title='bbox 1105 1543 1306 1608; x_wconf 84' lang='lat' dir='ltr'>relaxandum</span> 
     </span>
     <span class='ocr_line' id='line_1_13' title="bbox 157 1650 1307 1733; baseline 0 -19"><span class='ocrx_word' id='word_1_98' title='bbox 157 1650 307 1729; x_wconf 88' lang='lat' dir='ltr'>animum,</span> <span class='ocrx_word' id='word_1_99' title='bbox 342 1654 459 1733; x_wconf 90' lang='lat' dir='ltr'>quanta</span> <span class='ocrx_word' id='word_1_100' title='bbox 491 1652 523 1715; x_wconf 95' lang='lat' dir='ltr'>in</span> <span class='ocrx_word' id='word_1_101' title='bbox 556 1656 664 1718; x_wconf 87' lang='lat' dir='ltr'>uestra</span> <span class='ocrx_word' id='word_1_102' title='bbox 692 1651 917 1733; x_wconf 83' lang='lat' dir='ltr'>superstitione</span> <span class='ocrx_word' id='word_1_103' title='bbox 945 1650 1075 1714; x_wconf 90' lang='lat' dir='ltr'>ridenda</span> <span class='ocrx_word' id='word_1_104' title='bbox 1103 1650 1176 1715; x_wconf 89' lang='lat' dir='ltr'>sint.</span> <span class='ocrx_word' id='word_1_105' title='bbox 1205 1669 1307 1732; x_wconf 88' lang='lat' dir='ltr'>neque</span> 
     </span>
     <span class='ocr_line' id='line_1_14' title="bbox 157 1755 1308 1840; baseline -0.002 -20"><span class='ocrx_word' id='word_1_106' title='bbox 157 1758 240 1820; x_wconf 91' lang='lat' dir='ltr'>enim</span> <span class='ocrx_word' id='word_1_107' title='bbox 262 1776 365 1839; x_wconf 89' lang='lat' dir='ltr'>usque</span> <span class='ocrx_word' id='word_1_108' title='bbox 389 1757 466 1822; x_wconf 87' lang='lat' dir='ltr'>adeo</span> <span class='ocrx_word' id='word_1_109' title='bbox 491 1759 523 1821; x_wconf 89' lang='lat' dir='ltr'>te</span> <span class='ocrx_word' id='word_1_110' title='bbox 546 1757 653 1840; x_wconf 89' lang='lat' dir='ltr'>ipsum</span> <span class='ocrx_word' id='word_1_111' title='bbox 678 1756 826 1821; x_wconf 89' lang='lat' dir='ltr'>obliuisci</span> <span class='ocrx_word' id='word_1_112' title='bbox 849 1757 1021 1838; x_wconf 89' lang='lat' dir='ltr'>potuisses,</span> <span class='ocrx_word' id='word_1_113' title='bbox 1045 1759 1083 1819; x_wconf 90' lang='lat' dir='ltr'>ut</span> <span class='ocrx_word' id='word_1_114' title='bbox 1109 1755 1204 1819; x_wconf 93' lang='lat' dir='ltr'>homo</span> <span class='ocrx_word' id='word_1_115' title='bbox 1232 1755 1308 1819; x_wconf 87' lang='lat' dir='ltr'>Afer</span> 
     </span>
     <span class='ocr_line' id='line_1_15' title="bbox 158 1862 1309 1945; baseline -0.003 -17"><span class='ocrx_word' id='word_1_116' title='bbox 158 1865 296 1928; x_wconf 88' lang='lat' dir='ltr'>scribens</span> <span class='ocrx_word' id='word_1_117' title='bbox 320 1864 416 1940; x_wconf 86' lang='lat' dir='ltr'>Afris,</span> <span class='ocrx_word' id='word_1_118' title='bbox 441 1883 514 1928; x_wconf 91' lang='lat' dir='ltr'>cum</span> <span class='ocrx_word' id='word_1_119' title='bbox 540 1865 640 1928; x_wconf 88' lang='lat' dir='ltr'>simus</span> <span class='ocrx_word' id='word_1_120' title='bbox 664 1864 791 1945; x_wconf 91' lang='lat' dir='ltr'>utrique</span> <span class='ocrx_word' id='word_1_121' title='bbox 814 1864 846 1927; x_wconf 92' lang='lat' dir='ltr'>in</span> <span class='ocrx_word' id='word_1_122' title='bbox 865 1864 973 1927; x_wconf 82' lang='lat' dir='ltr'>Africa</span> <span class='ocrx_word' id='word_1_123' title='bbox 991 1863 1168 1941; x_wconf 86' lang='lat' dir='ltr'>const&#39;tuti,</span> <span class='ocrx_word' id='word_1_124' title='bbox 1187 1862 1309 1926; x_wconf 88' lang='lat' dir='ltr'>Punica</span> 
     </span>
     <span class='ocr_line' id='line_1_16' title="bbox 157 1970 1308 2056; baseline -0.003 -22"><span class='ocrx_word' id='word_1_125' title='bbox 157 1971 282 2036; x_wconf 88' lang='lat' dir='ltr'>nomina</span> <span class='ocrx_word' id='word_1_126' title='bbox 316 1972 503 2056; x_wconf 83' lang='lat' dir='ltr'>exagitanda</span> <span class='ocrx_word' id='word_1_127' title='bbox 536 1973 742 2037; x_wconf 80' lang='lat' dir='ltr'>existimares</span> <span class='ocrx_word' id='word_1_128' title='bbox 776 1993 850 2036; x_wconf 87' lang='lat' dir='ltr'>narn</span> <span class='ocrx_word' id='word_1_129' title='bbox 886 1973 914 2036; x_wconf 90' lang='lat' dir='ltr'>si</span> <span class='ocrx_word' id='word_1_130' title='bbox 947 1992 984 2036; x_wconf 87' lang='lat' dir='ltr'>ea</span> <span class='ocrx_word' id='word_1_131' title='bbox 1019 1972 1178 2037; x_wconf 89' lang='lat' dir='ltr'>uocabula</span> <span class='ocrx_word' id='word_1_132' title='bbox 1213 1970 1308 2033; x_wconf 91' lang='lat' dir='ltr'>inter·</span> 
     </span>
     <span class='ocr_line' id='line_1_17' title="bbox 111 2074 1308 2162; baseline -0.003 -22"><span class='ocrx_word' id='word_1_133' title='bbox 111 2104 136 2140; x_wconf 76' lang='lat' dir='ltr'>rs</span> <span class='ocrx_word' id='word_1_134' title='bbox 158 2081 326 2160; x_wconf 87' lang='lat' dir='ltr'>pretemur,</span> <span class='ocrx_word' id='word_1_135' title='bbox 357 2078 556 2159; x_wconf 85' lang='lat' dir='ltr'>Namphamo</span> <span class='ocrx_word' id='word_1_136' title='bbox 590 2078 667 2161; x_wconf 89' lang='lat' dir='ltr'>quid</span> <span class='ocrx_word' id='word_1_137' title='bbox 696 2077 782 2142; x_wconf 90' lang='lat' dir='ltr'>aliud</span> <span class='ocrx_word' id='word_1_138' title='bbox 811 2077 971 2162; x_wconf 84' lang='lat' dir='ltr'>significat</span> <span class='ocrx_word' id='word_1_139' title='bbox 999 2097 1092 2160; x_wconf 90' lang='lat' dir='ltr'>quarn</span> <span class='ocrx_word' id='word_1_140' title='bbox 1120 2075 1196 2140; x_wconf 93' lang='lat' dir='ltr'>boni</span> <span class='ocrx_word' id='word_1_141' title='bbox 1218 2074 1308 2156; x_wconf 89' lang='lat' dir='ltr'>pedis</span> 
     </span>
     <span class='ocr_line' id='line_1_18' title="bbox 158 2181 1307 2265; baseline -0.004 -17"><span class='ocrx_word' id='word_1_142' title='bbox 158 2185 336 2252; x_wconf 84' lang='lat' dir='ltr'>bominem?</span> <span class='ocrx_word' id='word_1_143' title='bbox 368 2183 402 2248; x_wconf 89' lang='lat' dir='ltr'>id</span> <span class='ocrx_word' id='word_1_144' title='bbox 435 2187 493 2262; x_wconf 87' lang='lat' dir='ltr'>est,</span> <span class='ocrx_word' id='word_1_145' title='bbox 528 2185 620 2248; x_wconf 89' lang='lat' dir='ltr'>ouius</span> <span class='ocrx_word' id='word_1_146' title='bbox 654 2185 812 2248; x_wconf 89' lang='lat' dir='ltr'>aduentus</span> <span class='ocrx_word' id='word_1_147' title='bbox 845 2184 966 2249; x_wconf 87' lang='lat' dir='ltr'>adferat</span> <span class='ocrx_word' id='word_1_148' title='bbox 990 2183 1110 2265; x_wconf 91' lang='lat' dir='ltr'>aliquid</span> <span class='ocrx_word' id='word_1_149' title='bbox 1133 2181 1307 2256; x_wconf 79' lang='lat' dir='ltr'>felicitatis,</span> 
     </span>
     <span class='ocr_line' id='line_1_19' title="bbox 160 2275 1307 2372; baseline -0.004 -18"><span class='ocrx_word' id='word_1_150' title='bbox 160 2291 241 2355; x_wconf 89' lang='lat' dir='ltr'>sicut</span> <span class='ocrx_word' id='word_1_151' title='bbox 268 2292 409 2355; x_wconf 91' lang='lat' dir='ltr'>solemus</span> <span class='ocrx_word' id='word_1_152' title='bbox 439 2289 542 2354; x_wconf 87' lang='lat' dir='ltr'>dicere</span> <span class='ocrx_word' id='word_1_153' title='bbox 572 2275 710 2354; x_wconf 86' lang='lat' dir='ltr'>seeundo</span> <span class='ocrx_word' id='word_1_154' title='bbox 738 2291 820 2372; x_wconf 93' lang='lat' dir='ltr'>pede</span> <span class='ocrx_word' id='word_1_155' title='bbox 843 2291 1003 2366; x_wconf 86' lang='lat' dir='ltr'>introisse,</span> <span class='ocrx_word' id='word_1_156' title='bbox 1028 2290 1119 2354; x_wconf 91' lang='lat' dir='ltr'>cuius</span> <span class='ocrx_word' id='word_1_157' title='bbox 1143 2288 1307 2352; x_wconf 89' lang='lat' dir='ltr'>introitum</span> 
     </span>
     <span class='ocr_line' id='line_1_20' title="bbox 157 2394 1307 2480; baseline -0.006 -18"><span class='ocrx_word' id='word_1_158' title='bbox 157 2397 348 2480; x_wconf 83' lang='lat' dir='ltr'>prosperitas</span> <span class='ocrx_word' id='word_1_159' title='bbox 373 2397 478 2479; x_wconf 87' lang='lat' dir='ltr'>aliqua</span> <span class='ocrx_word' id='word_1_160' title='bbox 502 2399 673 2462; x_wconf 88' lang='lat' dir='ltr'>consecuta</span> <span class='ocrx_word' id='word_1_161' title='bbox 696 2397 748 2460; x_wconf 92' lang='lat' dir='ltr'>sit.</span> <span class='ocrx_word' id='word_1_162' title='bbox 768 2415 848 2479; x_wconf 90' lang='lat' dir='ltr'>quae</span> <span class='ocrx_word' id='word_1_163' title='bbox 870 2397 981 2480; x_wconf 87' lang='lat' dir='ltr'>lingua</span> <span class='ocrx_word' id='word_1_164' title='bbox 1004 2396 1032 2460; x_wconf 88' lang='lat' dir='ltr'>si</span> <span class='ocrx_word' id='word_1_165' title='bbox 1050 2395 1233 2477; x_wconf 91' lang='lat' dir='ltr'>inprobatur</span> <span class='ocrx_word' id='word_1_166' title='bbox 1252 2394 1307 2456; x_wconf 91' lang='lat' dir='ltr'>abs</span> 
     </span>
     <span class='ocr_line' id='line_1_21' title="bbox 158 2501 1309 2588; baseline -0.003 -22"><span class='ocrx_word' id='word_1_167' title='bbox 158 2507 198 2582; x_wconf 91' lang='lat' dir='ltr'>te,</span> <span class='ocrx_word' id='word_1_168' title='bbox 222 2524 303 2588; x_wconf 86' lang='lat' dir='ltr'>nega</span> <span class='ocrx_word' id='word_1_169' title='bbox 326 2503 456 2567; x_wconf 89' lang='lat' dir='ltr'>Punicis</span> <span class='ocrx_word' id='word_1_170' title='bbox 480 2504 581 2581; x_wconf 89' lang='lat' dir='ltr'>libris,</span> <span class='ocrx_word' id='word_1_171' title='bbox 606 2505 644 2566; x_wconf 91' lang='lat' dir='ltr'>ut</span> <span class='ocrx_word' id='word_1_172' title='bbox 666 2523 684 2567; x_wconf 90' lang='lat' dir='ltr'>a</span> <span class='ocrx_word' id='word_1_173' title='bbox 706 2504 785 2567; x_wconf 88' lang='lat' dir='ltr'>uiris</span> <span class='ocrx_word' id='word_1_174' title='bbox 810 2503 1005 2567; x_wconf 78' lang='lat' dir='ltr'>doctissimis</span> <span class='ocrx_word' id='word_1_175' title='bbox 1029 2502 1182 2584; x_wconf 90' lang='lat' dir='ltr'>proditur,</span> <span class='ocrx_word' id='word_1_176' title='bbox 1206 2501 1309 2564; x_wconf 90' lang='lat' dir='ltr'>multa</span> 
     </span>
     <span class='ocr_line' id='line_1_22' title="bbox 111 2608 1307 2691; baseline -0.004 -17"><span class='ocrx_word' id='word_1_177' title='bbox 111 2639 141 2678; x_wconf 75' lang='lat' dir='ltr'>oo</span> <span class='ocrx_word' id='word_1_178' title='bbox 160 2610 314 2691; x_wconf 91' lang='lat' dir='ltr'>sapienter</span> <span class='ocrx_word' id='word_1_179' title='bbox 334 2629 403 2674; x_wconf 87' lang='lat' dir='ltr'>esse</span> <span class='ocrx_word' id='word_1_180' title='bbox 423 2609 570 2673; x_wconf 89' lang='lat' dir='ltr'>mandata</span> <span class='ocrx_word' id='word_1_181' title='bbox 588 2610 774 2685; x_wconf 63' lang='lat' dir='ltr'>memoriam</span> <span class='ocrx_word' id='word_1_182' title='bbox 794 2610 955 2691; x_wconf 89' lang='lat' dir='ltr'>paeniteat</span> <span class='ocrx_word' id='word_1_183' title='bbox 968 2611 1000 2673; x_wconf 89' lang='lat' dir='ltr'>te</span> <span class='ocrx_word' id='word_1_184' title='bbox 1020 2613 1103 2672; x_wconf 90' lang='lat' dir='ltr'>certe</span> <span class='ocrx_word' id='word_1_185' title='bbox 1122 2608 1167 2671; x_wconf 89' lang='lat' dir='ltr'>ibi</span> <span class='ocrx_word' id='word_1_186' title='bbox 1186 2611 1307 2690; x_wconf 73' lang='lat' dir='ltr'>natum,</span> 
     </span>
     <span class='ocr_line' id='line_1_23' title="bbox 159 2713 1307 2800; baseline -0.001 -22"><span class='ocrx_word' id='word_1_187' title='bbox 159 2717 212 2779; x_wconf 92' lang='lat' dir='ltr'>ubi</span> <span class='ocrx_word' id='word_1_188' title='bbox 243 2717 340 2780; x_wconf 92' lang='lat' dir='ltr'>huius</span> <span class='ocrx_word' id='word_1_189' title='bbox 373 2716 502 2800; x_wconf 87' lang='lat' dir='ltr'>linguae</span> <span class='ocrx_word' id='word_1_190' title='bbox 531 2716 690 2780; x_wconf 89' lang='lat' dir='ltr'>cunabula</span> <span class='ocrx_word' id='word_1_191' title='bbox 712 2717 861 2780; x_wconf 87' lang='lat' dir='ltr'>recalent.</span> <span class='ocrx_word' id='word_1_192' title='bbox 887 2717 915 2780; x_wconf 91' lang='lat' dir='ltr'>si</span> <span class='ocrx_word' id='word_1_193' title='bbox 937 2734 1013 2779; x_wconf 91' lang='lat' dir='ltr'>uero</span> <span class='ocrx_word' id='word_1_194' title='bbox 1039 2718 1071 2778; x_wconf 92' lang='lat' dir='ltr'>et</span> <span class='ocrx_word' id='word_1_195' title='bbox 1094 2733 1191 2779; x_wconf 89' lang='lat' dir='ltr'>sonus</span> <span class='ocrx_word' id='word_1_196' title='bbox 1215 2713 1307 2777; x_wconf 89' lang='lat' dir='ltr'>nobis</span> 
     </span>
     <span class='ocr_line' id='line_1_24' title="bbox 160 2822 1307 2906; baseline -0.003 -20"><span class='ocrx_word' id='word_1_197' title='bbox 160 2826 263 2888; x_wconf 91' lang='lat' dir='ltr'>noster</span> <span class='ocrx_word' id='word_1_198' title='bbox 294 2843 355 2888; x_wconf 93' lang='lat' dir='ltr'>non</span> <span class='ocrx_word' id='word_1_199' title='bbox 387 2823 618 2888; x_wconf 87' lang='lat' dir='ltr'>rationabiliter</span> <span class='ocrx_word' id='word_1_200' title='bbox 650 2823 799 2906; x_wconf 88' lang='lat' dir='ltr'>displicet</span> <span class='ocrx_word' id='word_1_201' title='bbox 827 2825 859 2887; x_wconf 89' lang='lat' dir='ltr'>et</span> <span class='ocrx_word' id='word_1_202' title='bbox 886 2842 937 2887; x_wconf 89' lang='lat' dir='ltr'>me</span> <span class='ocrx_word' id='word_1_203' title='bbox 965 2823 1043 2886; x_wconf 91' lang='lat' dir='ltr'>bene</span> <span class='ocrx_word' id='word_1_204' title='bbox 1067 2822 1307 2903; x_wconf 89' lang='lat' dir='ltr'>interpretatum</span> 
     </span>
     <span class='ocr_line' id='line_1_25' title="bbox 162 2928 1306 3013; baseline -0.001 -21"><span class='ocrx_word' id='word_1_205' title='bbox 162 2929 236 2994; x_wconf 91' lang='lat' dir='ltr'>&#39;llud</span> <span class='ocrx_word' id='word_1_206' title='bbox 259 2930 453 2994; x_wconf 90' lang='lat' dir='ltr'>uocabulum</span> <span class='ocrx_word' id='word_1_207' title='bbox 475 2930 689 3013; x_wconf 85' lang='lat' dir='ltr'>recognoscis,</span> <span class='ocrx_word' id='word_1_208' title='bbox 713 2930 811 2994; x_wconf 90' lang='lat' dir='ltr'>habes</span> <span class='ocrx_word' id='word_1_209' title='bbox 841 2929 925 3011; x_wconf 90' lang='lat' dir='ltr'>quod</span> <span class='ocrx_word' id='word_1_210' title='bbox 954 2948 1141 2993; x_wconf 85' lang='lat' dir='ltr'>suscenseas</span> <span class='ocrx_word' id='word_1_211' title='bbox 1165 2928 1306 3010; x_wconf 81' lang='lat' dir='ltr'>Vergilio</span> 
     </span>
    </p>
   </div>
   <div class='ocr_carea' id='block_1_3' title="bbox 157 3240 1358 4376">
    <p class='ocr_par' dir='ltr' id='par_1_4' title="bbox 157 3240 1358 4022">
     <span class='ocr_line' id='line_1_26' title="bbox 194 3240 1306 3304; baseline -0.004 -10"><span class='ocrx_word' id='word_1_212' title='bbox 194 3243 207 3294; x_wconf 93' lang='lat'>1</span> <span class='ocrx_word' id='word_1_213' title='bbox 227 3242 341 3294; x_wconf 89' lang='lat' dir='ltr'>numina</span> <span class='ocrx_word' id='word_1_214' title='bbox 359 3243 387 3294; x_wconf 93' lang='lat' dir='ltr'><strong><em>P</em></strong></span> <span class='ocrx_word' id='word_1_215' title='bbox 492 3241 595 3295; x_wconf 89' lang='lat' dir='ltr'>Punica</span> <span class='ocrx_word' id='word_1_216' title='bbox 614 3244 781 3294; x_wconf 88' lang='lat' dir='ltr'>mortuorum</span> <span class='ocrx_word' id='word_1_217' title='bbox 800 3241 861 3295; x_wconf 75' lang='lat' dir='ltr'>edd.</span> <span class='ocrx_word' id='word_1_218' title='bbox 952 3242 968 3294; x_wconf 85' lang='lat'><strong>3</strong></span> <span class='ocrx_word' id='word_1_219' title='bbox 987 3240 1129 3304; x_wconf 81' lang='lat' dir='ltr'>reuellere,</span> <span class='ocrx_word' id='word_1_220' title='bbox 1148 3256 1217 3295; x_wconf 80' lang='lat' dir='ltr'>corr.</span> <span class='ocrx_word' id='word_1_221' title='bbox 1237 3257 1271 3292; x_wconf 84' lang='lat' dir='ltr'>m.</span> <span class='ocrx_word' id='word_1_222' title='bbox 1291 3244 1306 3290; x_wconf 90' lang='lat'><em>1</em></span> 
     </span>
     <span class='ocr_line' id='line_1_27' title="bbox 158 3328 1305 3400; baseline -0.002 -18"><span class='ocrx_word' id='word_1_223' title='bbox 158 3330 279 3384; x_wconf 87' lang='lat' dir='ltr'>refellere</span> <span class='ocrx_word' id='word_1_224' title='bbox 298 3330 330 3383; x_wconf 88' lang='grc' dir='ltr'><em>Η</em></span> <span class='ocrx_word' id='word_1_225' title='bbox 383 3331 466 3398; x_wconf 87' lang='lat' dir='ltr'>4an]</span> <span class='ocrx_word' id='word_1_226' title='bbox 487 3333 535 3383; x_wconf 88' lang='lat' dir='ltr'>aut</span> <span class='ocrx_word' id='word_1_227' title='bbox 553 3331 581 3382; x_wconf 90' lang='lat' dir='ltr'><strong><em>P</em></strong></span> <span class='ocrx_word' id='word_1_228' title='bbox 632 3347 674 3384; x_wconf 90' lang='lat' dir='ltr'>res</span> <span class='ocrx_word' id='word_1_229' title='bbox 692 3332 775 3400; x_wconf 83' lang='lat' dir='ltr'>istae]</span> <span class='ocrx_word' id='word_1_230' title='bbox 795 3331 921 3384; x_wconf 80' lang='lat' dir='ltr'>resistere</span> <span class='ocrx_word' id='word_1_231' title='bbox 940 3332 968 3383; x_wconf 90' lang='lat' dir='ltr'><strong><em>A</em></strong></span> <span class='ocrx_word' id='word_1_232' title='bbox 1027 3329 1156 3382; x_wconf 90' lang='lat' dir='ltr'>uidentur</span> <span class='ocrx_word' id='word_1_233' title='bbox 1173 3333 1230 3382; x_wconf 83' lang='lat' dir='ltr'>tarn</span> <span class='ocrx_word' id='word_1_234' title='bbox 1245 3328 1305 3381; x_wconf 83' lang='lat' dir='ltr'>edd.</span> 
     </span>
     <span class='ocr_line' id='line_1_28' title="bbox 157 3418 1308 3482; baseline -0.003 -11"><span class='ocrx_word' id='word_1_235' title='bbox 157 3418 579 3482; x_wconf 80' lang='lat' dir='ltr'>tminor·,corr.m.1mirorH</span> <span class='ocrx_word' id='word_1_236' title='bbox 613 3420 812 3473; x_wconf 76' lang='lat' dir='ltr'>icommotaA</span> <span class='ocrx_word' id='word_1_237' title='bbox 866 3420 1043 3472; x_wconf 86' lang='lat' dir='ltr'>inmenteE</span> <span class='ocrx_word' id='word_1_238' title='bbox 1095 3418 1308 3470; x_wconf 65' lang='lat' dir='ltr'>haberenuosP</span> 
     </span>
     <span class='ocr_line' id='line_1_29' title="bbox 159 3505 1306 3562; baseline -0.003 -2"><span class='ocrx_word' id='word_1_239' title='bbox 159 3507 256 3562; x_wconf 89' lang='lat' dir='ltr'>habere</span> <span class='ocrx_word' id='word_1_240' title='bbox 277 3510 305 3560; x_wconf 90' lang='lat' dir='ltr'>et</span> <span class='ocrx_word' id='word_1_241' title='bbox 323 3524 372 3560; x_wconf 90' lang='lat' dir='ltr'>uos</span> <span class='ocrx_word' id='word_1_242' title='bbox 391 3507 428 3561; x_wconf 87' lang='lat' dir='ltr'><em>M</em></span> <span class='ocrx_word' id='word_1_243' title='bbox 443 3508 557 3560; x_wconf 88' lang='lat' dir='ltr'>haberet</span> <span class='ocrx_word' id='word_1_244' title='bbox 574 3525 623 3562; x_wconf 89' lang='lat' dir='ltr'>uos</span> <span class='ocrx_word' id='word_1_245' title='bbox 643 3509 669 3560; x_wconf 98' lang='lat' dir='ltr'><strong><em>A</em></strong></span> <span class='ocrx_word' id='word_1_246' title='bbox 688 3508 788 3562; x_wconf 90' lang='lat' dir='ltr'>habere</span> <span class='ocrx_word' id='word_1_247' title='bbox 807 3511 870 3561; x_wconf 87' lang='lat' dir='ltr'>tuos</span> <span class='ocrx_word' id='word_1_248' title='bbox 888 3508 922 3561; x_wconf 87' lang='lat' dir='ltr'><em>H</em></span> <span class='ocrx_word' id='word_1_249' title='bbox 939 3508 998 3562; x_wconf 83' lang='lat' dir='ltr'>edd.</span> <span class='ocrx_word' id='word_1_250' title='bbox 1085 3507 1103 3561; x_wconf 84' lang='lat'><em>8</em></span> <span class='ocrx_word' id='word_1_251' title='bbox 1122 3505 1306 3559; x_wconf 85' lang='lat' dir='ltr'>euchaddares</span> 
     </span>
     <span class='ocr_line' id='line_1_30' title="bbox 158 3595 1306 3664; baseline -0.001 -16"><span class='ocrx_word' id='word_1_252' title='bbox 158 3595 305 3650; x_wconf 86' lang='lat' dir='ltr'><strong><em>HMAPR</em></strong></span> <span class='ocrx_word' id='word_1_253' title='bbox 324 3596 490 3650; x_wconf 87' lang='lat' dir='ltr'>auchadarss</span> <span class='ocrx_word' id='word_1_254' title='bbox 508 3598 538 3650; x_wconf 83' lang='lat' dir='ltr'><em>E</em></span> <span class='ocrx_word' id='word_1_255' title='bbox 555 3597 719 3650; x_wconf 89' lang='lat' dir='ltr'>eucaddares</span> <span class='ocrx_word' id='word_1_256' title='bbox 739 3615 771 3662; x_wconf 83' lang='lat' dir='ltr'>e,·</span> <span class='ocrx_word' id='word_1_257' title='bbox 790 3597 825 3664; x_wconf 81' lang='lat' dir='ltr'>cf.</span> <span class='ocrx_word' id='word_1_258' title='bbox 839 3597 873 3651; x_wconf 93' lang='lat' dir='ltr'>P.</span> <span class='ocrx_word' id='word_1_259' title='bbox 889 3597 1038 3650; x_wconf 81' lang='lat' dir='ltr'>Sobroedcr</span> <span class='ocrx_word' id='word_1_260' title='bbox 1057 3596 1100 3649; x_wconf 81' lang='lat' dir='ltr'>die</span> <span class='ocrx_word' id='word_1_261' title='bbox 1116 3595 1306 3662; x_wconf 76' lang='lat' dir='ltr'>placebitiscbe</span> 
     </span>
     <span class='ocr_line' id='line_1_31' title="bbox 159 3684 1358 3753; baseline -0.002 -15"><span class='ocrx_word' id='word_1_262' title='bbox 159 3684 280 3752; x_wconf 60' lang='lat' dir='ltr'>&amp;procae</span> <span class='ocrx_word' id='word_1_263' title='bbox 292 3701 323 3753; x_wconf 83' lang='lat' dir='ltr'>p.</span> <span class='ocrx_word' id='word_1_264' title='bbox 342 3687 404 3738; x_wconf 87' lang='grc'>266</span> <span class='ocrx_word' id='word_1_265' title='bbox 422 3691 447 3738; x_wconf 84' lang='lat' dir='ltr'>et</span> <span class='ocrx_word' id='word_1_266' title='bbox 466 3685 521 3738; x_wconf 84' lang='lat' dir='ltr'>tob.</span> <span class='ocrx_word' id='word_1_267' title='bbox 541 3686 666 3749; x_wconf 86' lang='lat' dir='ltr'><em>XVI‚7</em></span> <span class='ocrx_word' id='word_1_268' title='bbox 737 3686 766 3739; x_wconf 90' lang='lat' dir='ltr'>in</span> <span class='ocrx_word' id='word_1_269' title='bbox 785 3686 940 3739; x_wconf 87' lang='lat' dir='ltr'>nominibus</span> <span class='ocrx_word' id='word_1_270' title='bbox 954 3685 1048 3739; x_wconf 86' lang='lat' dir='ltr'>HMA</span> <span class='ocrx_word' id='word_1_271' title='bbox 1100 3685 1133 3737; x_wconf 87' lang='lat'>10</span> <span class='ocrx_word' id='word_1_272' title='bbox 1152 3701 1304 3738; x_wconf 90' lang='lat' dir='ltr'>commune·</span> <span class='ocrx_word' id='word_1_273' title='bbox 1357 3742 1358 3745; x_wconf 8' lang='grc' dir='ltr'><strong>Ἴ</strong></span> 
     </span>
     <span class='ocr_line' id='line_1_32' title="bbox 158 3766 1307 3836; baseline 0 -12"><span class='ocrx_word' id='word_1_274' title='bbox 158 3772 254 3836; x_wconf 90' lang='lat' dir='ltr'>facere,</span> <span class='ocrx_word' id='word_1_275' title='bbox 277 3791 312 3827; x_wconf 84' lang='lat' dir='ltr'>m.</span> <span class='ocrx_word' id='word_1_276' title='bbox 335 3778 354 3828; x_wconf 89' lang='grc'><em>2</em></span> <span class='ocrx_word' id='word_1_277' title='bbox 378 3774 605 3827; x_wconf 88' lang='lat' dir='ltr'>commonefacere</span> <span class='ocrx_word' id='word_1_278' title='bbox 628 3775 665 3827; x_wconf 89' lang='lat' dir='ltr'><strong><em>M</em></strong></span> <span class='ocrx_word' id='word_1_279' title='bbox 691 3791 831 3828; x_wconf 88' lang='lat' dir='ltr'>commune</span> <span class='ocrx_word' id='word_1_280' title='bbox 858 3774 947 3827; x_wconf 89' lang='lat' dir='ltr'>facere</span> <span class='ocrx_word' id='word_1_281' title='bbox 970 3775 997 3828; x_wconf 92' lang='lat' dir='ltr'><strong><em>A</em></strong></span> <span class='ocrx_word' id='word_1_282' title='bbox 1035 3766 1037 3768; x_wconf 49' lang='grc'><strong>’</strong></span> <span class='ocrx_word' id='word_1_283' title='bbox 1088 3774 1122 3826; x_wconf 88' lang='grc'>14</span> <span class='ocrx_word' id='word_1_284' title='bbox 1145 3774 1256 3825; x_wconf 86' lang='lat' dir='ltr'>numina</span> <span class='ocrx_word' id='word_1_285' title='bbox 1279 3773 1307 3825; x_wconf 87' lang='lat' dir='ltr'><em>P</em></span> 
     </span>
     <span class='ocr_line' id='line_1_33' title="bbox 161 3861 1306 3934; baseline 0.004 -22"><span class='ocrx_word' id='word_1_286' title='bbox 161 3861 192 3912; x_wconf 86' lang='lat'>15</span> <span class='ocrx_word' id='word_1_287' title='bbox 210 3877 273 3914; x_wconf 89' lang='lat' dir='ltr'>nam</span> <span class='ocrx_word' id='word_1_288' title='bbox 293 3861 364 3914; x_wconf 84' lang='lat' dir='ltr'>farno</span> <span class='ocrx_word' id='word_1_289' title='bbox 384 3863 462 3917; x_wconf 82' lang='lat' dir='ltr'>codd.</span> <span class='ocrx_word' id='word_1_290' title='bbox 485 3862 556 3916; x_wconf 86' lang='lat' dir='ltr'>Nam</span> <span class='ocrx_word' id='word_1_291' title='bbox 571 3863 674 3917; x_wconf 91' lang='lat' dir='ltr'>Phanio</span> <span class='ocrx_word' id='word_1_292' title='bbox 690 3881 708 3917; x_wconf 88' lang='lat' dir='ltr'>a</span> <span class='ocrx_word' id='word_1_293' title='bbox 732 3863 904 3934; x_wconf 87' lang='lat' dir='ltr'>Namphanio</span> <span class='ocrx_word' id='word_1_294' title='bbox 918 3869 976 3920; x_wconf 87' lang='lat' dir='ltr'>cett.</span> <span class='ocrx_word' id='word_1_295' title='bbox 991 3865 1050 3918; x_wconf 80' lang='lat' dir='ltr'>edd.</span> <span class='ocrx_word' id='word_1_296' title='bbox 1123 3862 1201 3932; x_wconf 87' lang='lat' dir='ltr'>pedis</span> <span class='ocrx_word' id='word_1_297' title='bbox 1214 3880 1263 3918; x_wconf 83' lang='lat' dir='ltr'>orn.</span> <span class='ocrx_word' id='word_1_298' title='bbox 1278 3864 1306 3917; x_wconf 85' lang='lat' dir='ltr'><em>R</em></span> 
     </span>
     <span class='ocr_line' id='line_1_34' title="bbox 159 3949 1307 4022; baseline 0.002 -20"><span class='ocrx_word' id='word_1_299' title='bbox 159 3949 240 4018; x_wconf 87' lang='lat' dir='ltr'>pedes</span> <span class='ocrx_word' id='word_1_300' title='bbox 263 3950 385 4004; x_wconf 85' lang='lat' dir='ltr'><strong><em>HMAP</em></strong></span> <span class='ocrx_word' id='word_1_301' title='bbox 411 3951 456 4021; x_wconf 88' lang='lat' dir='ltr'>(m.</span> <span class='ocrx_word' id='word_1_302' title='bbox 480 3956 499 4005; x_wconf 86' lang='lat'><em>2</em></span> <span class='ocrx_word' id='word_1_303' title='bbox 522 3952 611 4021; x_wconf 74' lang='lat' dir='ltr'>pedis)</span> <span class='ocrx_word' id='word_1_304' title='bbox 705 3954 737 4006; x_wconf 88' lang='grc'>17</span> <span class='ocrx_word' id='word_1_305' title='bbox 766 3953 883 4007; x_wconf 87' lang='lat' dir='ltr'>secundo</span> <span class='ocrx_word' id='word_1_306' title='bbox 911 3954 1152 4022; x_wconf 74' lang='lat' dir='ltr'>prosperolgressu</span> <span class='ocrx_word' id='word_1_307' title='bbox 1179 3951 1248 4021; x_wconf 91' lang='lat' dir='ltr'>pede</span> <span class='ocrx_word' id='word_1_308' title='bbox 1271 3951 1307 4003; x_wconf 90' lang='lat' dir='ltr'><strong><em>M</em></strong></span> 
     </span>
    </p>

    <p class='ocr_par' dir='ltr' id='par_1_5' title="bbox 160 4038 1304 4376">
     <span class='ocr_line' id='line_1_35' title="bbox 195 4038 1303 4109; baseline 0.004 -20"><span class='ocrx_word' id='word_1_309' title='bbox 195 4038 262 4106; x_wconf 86' lang='lat' dir='ltr'>quis,</span> <span class='ocrx_word' id='word_1_310' title='bbox 282 4055 317 4091; x_wconf 85' lang='lat' dir='ltr'>m.</span> <span class='ocrx_word' id='word_1_311' title='bbox 336 4043 354 4093; x_wconf 92' lang='grc'><em>2</em></span> <span class='ocrx_word' id='word_1_312' title='bbox 373 4041 447 4093; x_wconf 88' lang='lat' dir='ltr'>cuius</span> <span class='ocrx_word' id='word_1_313' title='bbox 467 4038 506 4093; x_wconf 79' lang='lat' dir='ltr'>E&#39;</span> <span class='ocrx_word' id='word_1_314' title='bbox 566 4041 728 4105; x_wconf 87' lang='lat' dir='ltr'>introiptum</span> <span class='ocrx_word' id='word_1_315' title='bbox 743 4041 773 4094; x_wconf 83' lang='lat' dir='ltr'><strong><em>E</em></strong></span> <span class='ocrx_word' id='word_1_316' title='bbox 809 4041 842 4094; x_wconf 89' lang='lat'>18</span> <span class='ocrx_word' id='word_1_317' title='bbox 861 4039 925 4094; x_wconf 68' lang='lat' dir='ltr'>abs»</span> <span class='ocrx_word' id='word_1_318' title='bbox 939 4043 963 4109; x_wconf 85' lang='lat' dir='ltr'>(t</span> <span class='ocrx_word' id='word_1_319' title='bbox 981 4045 1063 4107; x_wconf 83' lang='lat' dir='ltr'>eras.)</span> <span class='ocrx_word' id='word_1_320' title='bbox 1083 4043 1111 4095; x_wconf 93' lang='lat' dir='ltr'><strong><em>A</em></strong></span> <span class='ocrx_word' id='word_1_321' title='bbox 1148 4042 1303 4109; x_wconf 86' lang='lat' dir='ltr'>19auiris]</span> 
     </span>
     <span class='ocr_line' id='line_1_36' title="bbox 161 4125 1303 4197; baseline 0.004 -20"><span class='ocrx_word' id='word_1_322' title='bbox 161 4125 230 4178; x_wconf 88' lang='lat' dir='ltr'>auris</span> <span class='ocrx_word' id='word_1_323' title='bbox 249 4125 318 4178; x_wconf 84' lang='lat' dir='ltr'>HM</span> <span class='ocrx_word' id='word_1_324' title='bbox 335 4129 381 4194; x_wconf 86' lang='lat' dir='ltr'>(m.</span> <span class='ocrx_word' id='word_1_325' title='bbox 401 4131 421 4180; x_wconf 83' lang='lat'><strong><em>2</em></strong></span> <span class='ocrx_word' id='word_1_326' title='bbox 440 4145 455 4180; x_wconf 87' lang='lat' dir='ltr'>a</span> <span class='ocrx_word' id='word_1_327' title='bbox 474 4128 552 4195; x_wconf 86' lang='lat' dir='ltr'>uiris)</span> <span class='ocrx_word' id='word_1_328' title='bbox 578 4129 683 4181; x_wconf 90' lang='lat' dir='ltr'>aueris</span> <span class='ocrx_word' id='word_1_329' title='bbox 705 4130 733 4181; x_wconf 94' lang='lat' dir='ltr'><strong><em>P</em></strong></span> <span class='ocrx_word' id='word_1_330' title='bbox 820 4129 973 4197; x_wconf 90' lang='lat' dir='ltr'>produntur</span> <span class='ocrx_word' id='word_1_331' title='bbox 990 4129 1018 4181; x_wconf 89' lang='lat' dir='ltr'><strong><em>A</em></strong></span> <span class='ocrx_word' id='word_1_332' title='bbox 1090 4130 1125 4182; x_wconf 83' lang='grc'>22</span> <span class='ocrx_word' id='word_1_333' title='bbox 1143 4133 1236 4182; x_wconf 89' lang='lat' dir='ltr'>noster</span> <span class='ocrx_word' id='word_1_334' title='bbox 1254 4146 1303 4182; x_wconf 89' lang='lat' dir='ltr'>om.</span> 
     </span>
     <span class='ocr_line' id='line_1_37' title="bbox 160 4213 1304 4288; baseline 0.003 -22"><span class='ocrx_word' id='word_1_335' title='bbox 160 4213 239 4268; x_wconf 82' lang='lat' dir='ltr'>EPR</span> <span class='ocrx_word' id='word_1_336' title='bbox 258 4215 318 4270; x_wconf 80' lang='lat' dir='ltr'>cdd.</span> <span class='ocrx_word' id='word_1_337' title='bbox 343 4218 436 4270; x_wconf 86' lang='lat' dir='ltr'>nostra</span> <span class='ocrx_word' id='word_1_338' title='bbox 454 4216 523 4270; x_wconf 87' lang='lat' dir='ltr'>HM</span> <span class='ocrx_word' id='word_1_339' title='bbox 603 4217 719 4286; x_wconf 90' lang='lat' dir='ltr'>dispicet</span> <span class='ocrx_word' id='word_1_340' title='bbox 737 4217 774 4270; x_wconf 87' lang='lat' dir='ltr'><strong><em>M</em></strong></span> <span class='ocrx_word' id='word_1_341' title='bbox 792 4220 872 4286; x_wconf 87' lang='lat' dir='ltr'>(corr.</span> <span class='ocrx_word' id='word_1_342' title='bbox 891 4235 926 4273; x_wconf 85' lang='lat' dir='ltr'>m.</span> <span class='ocrx_word' id='word_1_343' title='bbox 945 4223 960 4270; x_wconf 85' lang='lat'><strong><em>1</em></strong></span> <span class='ocrx_word' id='word_1_344' title='bbox 980 4217 1117 4288; x_wconf 87' lang='lat' dir='ltr'>displicet)</span> <span class='ocrx_word' id='word_1_345' title='bbox 1135 4219 1163 4272; x_wconf 86' lang='lat' dir='ltr'><em>R</em></span> <span class='ocrx_word' id='word_1_346' title='bbox 1222 4219 1304 4271; x_wconf 90' lang='lat' dir='ltr'>inter-</span> 
     </span>
     <span class='ocr_line' id='line_1_38' title="bbox 161 4304 629 4376; baseline 0.015 -24"><span class='ocrx_word' id='word_1_347' title='bbox 161 4304 290 4370; x_wconf 89' lang='lat' dir='ltr'>pretatur,</span> <span class='ocrx_word' id='word_1_348' title='bbox 311 4319 378 4358; x_wconf 87' lang='lat' dir='ltr'>corr.</span> <span class='ocrx_word' id='word_1_349' title='bbox 398 4305 581 4376; x_wconf 85' lang='lat' dir='ltr'>interpretatu</span> <span class='ocrx_word' id='word_1_350' title='bbox 599 4306 629 4359; x_wconf 86' lang='lat' dir='ltr'><strong><em>E</em></strong></span> 
     </span>
    </p>
   </div>
   <div class='ocr_carea' id='block_1_4' title="bbox 0 0 1578 4992">
    <p class='ocr_par' dir='ltr' id='par_1_6' title="bbox 0 0 1578 4992">
     <span class='ocr_line' id='line_1_39' title="bbox 0 0 1578 4992; baseline 0 0"><span class='ocrx_word' id='word_1_351' title='bbox 0 0 1578 4992; x_wconf 95' lang='lat' dir='ltr'> </span> 
     </span>
    </p>
   </div>
  </div>
 </body>
</html>
