3142 4992
235 417 297 481 118
585 416 611 470 S.
640 416 778 470 Aureli
804 417 1022 486 Augustini

232 609 383 692 priuatim
407 609 527 686 uiuere,
553 609 609 674 sed
634 611 729 673 etiam
748 611 898 675 honorem
919 611 1072 676 ecclesiae
1091 610 1212 676 deferre
1231 616 1384 696 cuperent

235 720 276 794 et,
302 716 331 780 si
358 718 502 800 potestas
532 715 668 794 deretur,
693 719 797 781 totum
822 720 888 781 tam
911 736 1044 802 magnae
1067 718 1219 783 basilicae
1243 720 1383 803 spatium

234 823 337 888 turbis
375 823 572 905 epulantium
610 821 832 905 ebriorumque
864 824 1071 905 complerent3
1111 824 1149 888 do
1187 825 1383 907 spiritalibus

236 932 342 994 eutem
370 928 538 1008 fructibus,
563 929 602 993 ad
630 947 709 1010 quos
734 932 767 993 et
786 929 965 994 diuinarum
989 930 1217 1012 scripturarum
1250 932 1384 997 auotori-

236 1038 301 1099 tate
335 1037 366 1100 et
398 1035 514 1100 nostris
548 1035 720 1119 gemitibus
757 1036 983 1114 inniterentur,
1017 1039 1130 1103 nolunt
1166 1038 1288 1104 adferre
1326 1039 1385 1104 deo
1417 1061 1431 1100 a

236 1161 368 1206 munera
391 1144 423 1206 et
445 1142 496 1206 his
519 1142 724 1226 potissimum
748 1142 906 1208 celebrare
930 1144 1012 1208 festa
1035 1147 1228 1210 sanctorum.

194 1253 212 1315 7
283 1245 406 1326 Quibus
421 1249 557 1331 peractis
573 1248 715 1313 codicem
729 1248 852 1313 reddidi
862 1249 1057 1333 etimpcrata
1068 1251 1219 1329 oratione,
1230 1254 1387 1334 qnantum

239 1357 327 1421 ualui
352 1360 384 1421 et
407 1359 562 1439 quantum
585 1376 637 1420 me
656 1356 763 1440 ipsum
782 1357 961 1439 periculum
979 1358 1138 1442 urguebat
1157 1361 1190 1424 et
1208 1359 1294 1423 uires
1314 1356 1388 1424 sub·

238 1463 417 1528 ministrare
442 1462 588 1528 dominus
613 1463 815 1546 dignabatur,
840 1464 993 1528 eonst'tui
1012 1465 1059 1529 eis
1079 1468 1152 1530 ente
1172 1465 1283 1530 oculos
1303 1483 1388 1529 eom-

240 1589 335 1634 mune
359 1569 535 1652 periculum
561 1572 594 1633 et
615 1570 768 1653 ipsorum,
794 1570 850 1654 qui
881 1559 973 1636 nobis
1007 1572 1171 1636 commissi
1204 1572 1322 1648 essent,
1356 1573 1389 1634 et
1407 1595 1433 1633 ιο

240 1679 393 1754 nostrum,
419 1676 473 1759 qui
506 1676 544 1741 de
577 1676 642 1741 illis
675 1677 829 1742 rationem
861 1677 1016 1742 reddituri
1049 1697 1194 1743 essemus
1221 1681 1389 1760 pastorum

241 1782 386 1866 principi,
409 1802 465 1865 per
492 1782 583 1847 ouius
612 1782 838 1860 humilitatem,
867 1783 1008 1866 insignes
1033 1783 1254 1860 contumelias,
1280 1784 1389 1864 alapas

243 1894 276 1954 et
298 1893 412 1973 sputus
435 1890 467 1954 in
490 1889 605 1954 faciem
629 1891 662 1954 et
683 1891 808 1971 palmas
832 1891 865 1953 et
883 1890 1025 1971 spineam
1045 1909 1191 1955 coronam
1212 1892 1245 1954 et
1263 1908 1389 1953 crucem

244 2016 279 2062 ac
312 1995 499 2080 sanguinem
531 1996 707 2075 obsecrari,
741 1998 789 2073 nt,
824 1996 851 2061 si
881 2015 914 2061 se
941 1997 1005 2078 ipsi
1029 1997 1150 2079 aliquid
1174 1994 1390 2078 offendissent,

156 2132 159 2139 ·
244 2104 297 2168 uel
318 2102 419 2167 nostri
442 2103 667 2167 misererentur
690 2106 722 2168 et
745 2102 929 2186 cogitarent
944 2103 1137 2167 uenerabilis
1162 2102 1246 2167 senis
1270 2101 1434 2166 Valeriis

245 2209 328 2274 cirea
351 2229 401 2273 mc
424 2209 613 2274 ineffabilem
639 2210 814 2287 ceritatem,
840 2210 894 2292 qni
917 2210 996 2274 mihi
1020 2209 1176 2274 tractandi
1193 2210 1292 2273 uerba
1310 2207 1391 2272 ueri-

244 2315 320 2380 tatis
343 2319 408 2380 tem
432 2316 648 2397 periculosum
668 2335 747 2380 onus
766 2335 828 2380 non
848 2316 1003 2381 dubitarit
1020 2319 1149 2400 propter
1168 2334 1222 2380 eos
1240 2315 1391 2398 inponere

248 2422 357 2504 eisque
381 2441 475 2505 saepe
500 2423 621 2502 dixerit,
647 2422 732 2506 quod
756 2424 915 2488 orationes
939 2423 1008 2488 eius
1033 2422 1196 2488 exauditae
1220 2423 1328 2487 essent
1355 2421 1392 2484 de

246 2533 354 2594 nostro
392 2529 542 2607 aduentu,
581 2549 660 2612 quos
699 2549 760 2594 non
798 2530 910 2613 utique
948 2531 987 2594 ad
1021 2548 1221 2594 communem
1258 2531 1394 2592 mortem

247 2637 300 2701 uel
332 2636 550 2717 spectaculum
586 2636 698 2701 mortis
735 2637 865 2702 illorum
903 2638 959 2702 sed
994 2637 1034 2700 ad
1066 2653 1268 2702 communem
1302 2652 1393 2698 oona·
1411 2662 1437 2701 20

247 2746 316 2806 tum
339 2743 371 2806 in
397 2744 553 2806 aeternam
578 2742 679 2807 uitem
704 2744 743 2807 ed
767 2763 801 2808 se
825 2743 953 2808 uenisse
976 2744 1115 2807 laetatus
1143 2744 1202 2804 est.
1231 2743 1393 2822 postremo

250 2848 347 2912 etiam
381 2847 444 2912 dixi
478 2850 599 2913 certum
632 2867 702 2914 esse
736 2869 786 2914 me
820 2853 852 2913 et
883 2849 979 2914 fidere
1012 2849 1044 2911 in
1076 2867 1161 2921 enm,
1186 2847 1239 2928 qui
1269 2844 1396 2910 mentiri

250 2955 361 3032 nescit,
397 2955 451 3037 qui
483 2975 538 3038 per
571 2975 606 3020 os
638 2955 811 3039 prophetae
845 2956 895 3020 sui
927 2955 1091 3039 pollicitus
1126 2957 1176 3018 est
1208 2952 1245 3018 de
1270 2952 1396 3017 domino

251 3062 442 3127 nostrolesu
455 3061 580 3127 Christo
592 3061 714 3127 dicens:
731 3062 771 3128 Si
790 3062 1043 3145 reliquerint
1060 3060 1148 3124 filii
1162 3060 1250 3124 eius
1265 3060 1395 3143 legem

251 3185 375 3231 meam
399 3169 438 3232 et
460 3167 498 3232 in
521 3169 759 3251 praeceptis
785 3168 885 3232 meis
918 3186 992 3232 non
1022 3165 1339 3242 ambuleuerint,
1364 3164 1440 3232 sire

253 3272 589 3338 iustificationes
632 3294 738 3339 meas
779 3273 1104 3358 profaneuerint,
1143 3271 1326 3336 uisitabo
1359 3271 1397 3334 in

253 3379 369 3464 uirga
391 3380 577 3444 facinora
596 3399 730 3444 eorum
749 3381 845 3444 etin
864 3379 1056 3462 flagellis
1076 3377 1230 3442 delicta
1249 3395 1397 3449 eorum;

253 3487 581 3552 misericordiam
614 3489 746 3551 autem
779 3506 903 3551 meam
940 3505 1015 3550 non
1048 3485 1237 3561 auferam,
1270 3482 1302 3547 in
1327 3502 1399 3546 eum

240 3613 329 3679 ergo
370 3613 421 3658 me
462 3593 567 3672 fidere,
610 3593 704 3676 quod,
743 3594 771 3658 si
810 3594 889 3657 haec
929 3595 1031 3670 tanta,
1069 3610 1150 3673 quae
1192 3589 1253 3654 sibi
1294 3590 1401 3653 essent

254 3703 338 3767 lecta
375 3705 407 3766 et
438 3702 531 3781 dicte,
566 3703 812 3780 contemnerent,
844 3700 1034 3766 uisiteturus
1066 3702 1153 3764 esset
1182 3699 1214 3763 in
1247 3697 1339 3780 uirga
1370 3697 1401 3758 et
1417 3725 1443 3764 co

255 3810 287 3873 in
330 3808 456 3892 flagello
497 3828 554 3873 nec
597 3827 650 3874 eos
692 3809 905 3891 permissurus
946 3827 1020 3872 eum
1060 3806 1122 3871 hoc
1159 3803 1277 3869 mundo
1316 3801 1401 3865 dam·

256 3915 333 3979 nari.
363 3916 396 3980 in
430 3934 492 3996 que
519 3915 746 3998 conquestione
776 3914 823 3978 sie
851 3916 969 3994 actum,
996 3916 1034 3976 ut
1059 3932 1115 3995 pro
1152 3908 1274 3994 negotii
1307 3910 1401 3988 atque

346 4055 381 4108 23
399 4055 443 4111 Ps.
463 4054 505 4120 88,
525 4055 632 4108 31-34

294 4161 491 4214 4auctoritate
511 4176 562 4214 om.
581 4161 612 4212 X
665 4158 890 4212 8administrare
908 4173 935 4210 m
990 4156 1023 4209 12
1043 4154 1135 4224 alapas
1154 4171 1206 4209 ono.
1225 4153 1258 4206 X
1311 4150 1345 4204 13
1364 4150 1402 4217 et]

260 4251 322 4305 eX
400 4251 490 4318 putus,
510 4265 544 4302 m.
563 4252 582 4302 2
601 4251 697 4318 sputus
716 4248 746 4300 X
765 4250 846 4316 sputa
863 4261 891 4299 m
982 4245 1015 4297 17
1035 4260 1101 4297 onus
1120 4259 1172 4297 om.
1191 4243 1222 4294 X
1293 4237 1402 4293 dubita-

259 4341 296 4394 ris
314 4341 346 4394 X
399 4340 434 4392 23
453 4355 517 4392 suae
536 4339 567 4391 X
619 4338 653 4391 27
672 4336 792 4390 facinore
810 4336 842 4389 X
894 4334 929 4387 28
948 4333 1069 4387 aulerum
1088 4333 1120 4385 X
