3142 4992
223 355 265 416 36
568 352 593 406 S.
622 352 1005 422 Aureli'Augustini

225 548 296 611 dare
335 549 483 632 dignatus
522 551 581 626 est,
615 548 698 631 quod
735 549 794 611 tibi
832 549 906 613 uolo
945 551 1016 612 ante
1054 548 1227 612 aduentum
1263 569 1371 614 meum

224 656 360 733 mittere,
386 656 413 720 si
442 654 550 718 charta
577 654 703 718 interim
731 673 792 718 non
823 654 916 720 desit.
944 655 1095 718 tolerabis
1125 655 1207 718 enim
1232 657 1370 738 qualern-

225 782 359 844 cumque
388 762 576 845 scripturam
610 781 645 824 er
679 760 805 825 officina
835 761 994 826 Maiorini.
1028 761 1065 824 de
1094 762 1257 827 codicibus
1284 783 1371 845 prae·

224 874 273 934 ter
299 871 397 935 libros
427 869 464 934 de
490 867 621 934 Oratore
649 871 754 931 totum
777 869 857 932 mihi
886 869 1012 933 excidit.
1042 869 1098 933 sed
1124 870 1205 933 nihil
1233 871 1370 953 amplius

223 978 394 1042 rescribere
414 977 513 1060 potui,
539 996 633 1059 quarn
657 980 694 1040 ut
716 976 784 1058 ipse
809 995 962 1053 sumeres,
984 995 1062 1058 quos
1086 976 1209 1050 liberet,
1231 979 1263 1040 et
1285 995 1370 1040 nuuc
1404 999 1419 1037 5

223 1085 256 1149 in
285 1085 394 1148 eadem
422 1101 532 1147 maneo
567 1085 732 1148 sententia.
775 1083 888 1146 absens
924 1083 1007 1146 enim
1031 1082 1108 1164 quid
1140 1083 1213 1164 plus
1245 1083 1370 1160 faciam,

224 1210 286 1255 non
309 1190 448 1256 inuenio·

179 1293 199 1354 2
270 1297 495 1362 Gratissimum
510 1295 588 1361 mihi
605 1300 665 1372 cst,
681 1296 765 1377 quod
779 1295 812 1359 in
826 1295 941 1358 ultima
958 1296 1096 1378 epistula
1114 1315 1164 1360 me
1183 1296 1371 1379 participem

225 1403 392 1469 domestici
415 1404 463 1467 tui
488 1403 595 1487 gaudii
618 1403 721 1467 facere
745 1402 889 1468 uoluisti.
914 1402 970 1466 sed

357 1529 450 1592 Mene
475 1528 550 1591 salis
574 1526 692 1609 placidi
715 1526 844 1590 uultum
867 1526 1048 1608 fluctusque
1072 1527 1197 1608 quietos
1391 1533 1422 1570 1⁰

357 1635 500 1718 ignorare
523 1634 640 1696 iubes?

225 1778 415 1842 quamquam
435 1777 491 1822 nec
511 1778 561 1821 me
581 1759 691 1822 iubeas
711 1777 769 1822 nec
787 1759 856 1841 ipsc
876 1759 1013 1843 ignores.
1035 1779 1129 1841 quare
1149 1759 1177 1822 si
1196 1759 1236 1822 ad
1253 1757 1371 1822 melius

225 1865 427 1949 cogitandum
452 1865 541 1947 quies
566 1865 672 1948 aliqua
696 1865 769 1928 data
794 1871 853 1944 est,
878 1870 967 1930 utere
992 1865 1099 1931 diuino
1123 1865 1287 1930 beneficio.
1313 1884 1370 1928 nco

225 1973 309 2035 enirn
332 1973 423 2036 nobis
449 1971 612 2047 debemus,
637 1992 710 2036 curn
734 1973 797 2036 ista
820 1973 1021 2056 proueniunt,
1042 1974 1098 2037 sed
1120 1974 1196 2052 illis,
1215 1993 1272 2054 per
1291 1991 1370 2054 quos

224 2079 425 2160 proueniunt,
451 2078 614 2160 gratulari,
641 2079 790 2160 quoniam
822 2079 909 2142 iusta
937 2081 968 2142 ct
996 2079 1139 2143 officiosa
1166 2081 1199 2142 et
1225 2097 1281 2160 pro
1310 2094 1422 2142 suo1⁵

224 2204 335 2268 genere
358 2186 500 2266 pacatior
524 2187 618 2266 atque
642 2185 844 2266 tranquillior
865 2205 971 2248 rernm
994 2185 1219 2267 temporalium
1237 2184 1370 2247 admini-

224 2293 335 2357 stratio
355 2291 609 2374 recipiendorum
625 2293 825 2355 aeternorum
839 2293 988 2356 meritum
1004 2292 1118 2376 gignit,
1134 2292 1161 2356 si
1175 2311 1237 2356 non
1252 2294 1369 2364 teneat,

224 2417 297 2463 cum
325 2399 460 2472 tenetur,
490 2416 551 2460 non
584 2397 737 2479 implicet,
767 2416 840 2460 cnm
871 2398 1114 2481 multiplicatur,
1139 2397 1167 2461 si
1198 2417 1272 2475 non,
1297 2415 1369 2460 cum

225 2553 428 2570 .........
444 2507 586 2586 putatur,
605 2505 761 2570 inuoluat.
784 2504 888 2586 ipsius
909 2505 992 2567 enirn
1011 2505 1157 2568 ueritatis
1177 2524 1229 2568 ore
1249 2504 1368 2568 dictum

224 2615 291 2675 est:
324 2610 363 2676 Si
393 2612 431 2674 in
457 2611 590 2675 alieno
614 2611 766 2675 fideles
790 2630 864 2675 non
889 2611 1045 2687 fuistis,
1070 2614 1253 2676 uestrum
1277 2611 1369 2693 quis
1389 2630 1423 2669 ao

225 2717 337 2780 dabit
369 2717 512 2781 uobis?
547 2718 658 2780 laxatis
693 2735 766 2800 ergo
802 2717 886 2780 curis
918 2717 1122 2781 mutabilium
1154 2737 1261 2782 rerum
1288 2719 1371 2782 bona

224 2824 351 2888 stabilia
385 2825 417 2886 ct
449 2826 535 2887 certa
568 2843 766 2906 quaeramur,
805 2827 1048 2906 superuolemus
1086 2827 1219 2888 terrenis
1256 2824 1370 2907 opibus

119 3005 120 3008 Ἴ
224 2931 352 2996 nostris.
386 2949 458 2992 nam
492 2932 523 2993 et
555 2931 586 2993 in
620 2931 725 2994 mellis
759 2931 851 3013 copia
882 2951 944 2995 non
977 2933 1094 2996 frustra
1124 2951 1242 3014 pennas
1275 2932 1373 2995 habet

224 3037 366 3119 apicula3
392 3039 483 3100 necat
507 3037 591 3100 enim
615 3037 807 3102 haerentem.

315 3297 347 3350 10
365 3297 446 3368 Verg.
466 3299 533 3351 Aen.
553 3297 577 3349 V
595 3297 739 3352 sce—849
794 3298 829 3351 20
847 3298 912 3351 Luc.
935 3298 975 3362 16,
997 3298 1029 3350 12

260 3476 275 3526 1
304 3476 367 3526 anta
392 3472 539 3526 aduentum
566 3490 655 3528 meum
684 3475 745 3527 uolo
779 3475 807 3528 U
898 3475 914 3528 3
942 3474 1087 3533 maiorillni
1115 3474 1223 3541 (parua
1249 3475 1316 3540 ras.)
1344 3473 1374 3525 P

224 3563 318 3615 maiori
336 3562 364 3614 ni
383 3561 411 3616 R
429 3563 560 3616 maiorum
585 3563 641 3616 VU
657 3563 716 3616 edd.
812 3565 829 3617 4
851 3565 951 3632 totum]
974 3567 1083 3617 tantum
1105 3562 1143 3614 P¹
1220 3564 1236 3615 6
1263 3563 1369 3625 faciem,

225 3650 479 3704 corr.rrr.1faciam
499 3650 526 3704 U
594 3652 609 3704 9
630 3651 723 3720 gaudii
736 3652 778 3705 tui
790 3651 828 3705 P1
902 3654 936 3706 10
955 3652 1063 3706 sali-V
1085 3652 1136 3704 sali
1159 3652 1186 3704 U
1284 3652 1370 3721 placi-

225 3740 296 3802 dnm,
317 3755 384 3792 corr.
403 3739 505 3808 placidi
529 3740 555 3793 U
619 3741 784 3810 ductumque
803 3741 858 3795 LR
931 3742 1024 3811 quiens
1038 3741 1093 3794 LP
1112 3744 1190 3807 (corr.
1210 3741 1327 3809 quietos)
1342 3741 1372 3794 R

226 3829 258 3883 12
277 3844 326 3881 nec
349 3829 403 3898 me]
426 3846 469 3882 me
489 3830 516 3883 L
590 3831 624 3884 14
643 3830 771 3883 debemus
790 3831 910 3884 nobisR
928 3831 987 3885 edd.
1059 3831 1122 3883 illos
1141 3830 1169 3884 U
1239 3830 1271 3882 16
1289 3831 1372 3882 mini-

224 3917 330 3981 stratio,
350 3933 419 3970 corr.
438 3935 472 3971 nr.
492 3922 507 3970 1
526 3919 725 3972 administratio
738 3920 766 3973 P
831 3921 862 3972 17
882 3922 959 3972 tenet
972 3919 1072 3973 P¹VU
1158 3919 1190 3972 18
1208 3936 1258 3972 nec
1276 3919 1372 3986 ftrm

224 4021 278 4056 non
298 4021 336 4065 co,
356 4020 425 4058 corr.
445 4023 498 4058 non
519 4022 579 4058 curn
598 4007 626 4058 P
693 4007 726 4059 19
745 4008 869 4075 putatur]
887 4010 999 4075 pacatur
1022 4007 1096 4073 edd.;
1116 4007 1247 4060 lacunam
1264 4005 1370 4073 sipaifi·

225 4093 289 4147 caui
343 4094 377 4146 20
396 4094 527 4164 uestrum]
548 4095 619 4164 quod
639 4099 757 4149 uestrum
779 4099 821 4149 est
839 4095 939 4150 P¹VU
954 4097 1014 4150 edd.
1032 4112 1081 4150 sec.
1104 4096 1182 4164 Vulp.
1259 4093 1325 4162 quid
1342 4094 1372 4147 R

225 4183 259 4234 22
287 4182 412 4250 operibus
436 4182 560 4237 LPP¹V
587 4187 626 4251 (er
654 4189 734 4253 eras.)
756 4187 824 4252 nef
919 4186 953 4239 23
981 4185 1095 4238 frustra·
1122 4185 1149 4238 V
1248 4184 1284 4236 24
1311 4184 1371 4235 aui-

223 4269 403 4324 aaran
