3142 4992
552 347 821 414 epistularum
848 346 933 403 XVII.

326 541 454 605 Primus
478 541 516 604 ab
541 541 680 605 aetherio
703 542 795 606 uenit
817 542 972 607 Saturnus
998 543 1132 630 Olympo

328 669 414 712 arma
437 649 524 712 Iouis
546 648 673 732 fugiens
698 652 730 712 et
752 649 859 732 regnis
884 653 956 716 erul
976 653 1134 735 ademptis

170 761 204 821 et
230 759 340 833 cetera,
371 756 485 838 quibus
514 775 586 819 eum
615 758 709 838 atque
737 756 833 820 huius
862 757 946 820 modi
980 758 1055 824 deos
1088 763 1213 824 uestros
1246 759 1319 822 uult

168 863 309 946 intellegi
332 863 477 927 homines
501 863 612 932 fuisse.
634 863 757 946 legerat
780 864 864 927 enim
887 864 941 927 ille
963 867 1128 948 mysticam
1152 865 1316 930 historiam

137 975 298 1035 suetusta
330 971 517 1034 auctoritate
549 970 739 1048 roboratam,
773 990 869 1052 quam
902 971 997 1034 etiam
1028 972 1153 1036 Tullius
1185 973 1316 1055 legerat,

170 1078 224 1160 qui
254 1078 315 1141 hoc
347 1077 431 1141 idem
463 1076 495 1140 in
528 1076 663 1160 dialogis
696 1077 779 1158 plus,
810 1097 905 1158 quam
933 1079 1095 1160 postulare
1120 1079 1320 1155 auderemus,

171 1185 398 1259 commemorat
421 1187 453 1247 et
476 1183 647 1265 perducere
670 1183 702 1246 in
726 1184 893 1248 hominum
911 1185 1067 1264 notitiam,
1087 1187 1240 1267 quantum
1263 1184 1320 1248 illa

170 1294 313 1374 tempora
335 1290 545 1373 patiebantur,
569 1290 711 1357 molitur.

9 1395 10 1468 ἶ
100 1393 122 1454 4
217 1395 307 1476 Quod
335 1399 442 1461 autem
475 1397 554 1461 dicis
588 1416 624 1460 eo
658 1397 774 1462 nostris
803 1400 911 1462 uestra
940 1417 1028 1462 sacra
1050 1397 1210 1480 praeponi,
1235 1396 1320 1476 qnod

9 1489 11 1510 *
126 1525 151 1564 ιο
171 1525 229 1572 uos
252 1504 380 1588 publice
404 1485 518 1568 colitis
533 1503 621 1580 deos,
640 1523 697 1569 nos
718 1507 826 1568 autem
844 1505 1067 1569 secretioribus
1087 1502 1319 1570 conuenticulis

171 1612 300 1690 utimur,
314 1611 416 1693 primo
436 1610 517 1675 illud
536 1611 591 1674 abs
607 1614 638 1674 te
656 1629 781 1693 quaero,
794 1631 856 1693 quo
872 1613 965 1676 modo
981 1612 1101 1676 oblitus
1116 1612 1161 1675 sis
1170 1610 1320 1674 Liberum

171 1719 272 1794 illum,
284 1737 378 1800 quem
392 1737 567 1800 paucorum
582 1721 778 1783 sacratorum
793 1719 894 1783 oculis
909 1719 1173 1783 committendum
1188 1716 1320 1798 putatis.

173 1825 283 1888 deinde
315 1828 351 1888 tu
384 1825 451 1906 ipse
483 1825 606 1890 iudicas
640 1825 719 1888 nihil
752 1825 839 1890 aliud
870 1829 902 1889 te
936 1845 1028 1910 agere
1060 1825 1213 1900 uoluisse,
1246 1842 1319 1886 cum

172 1931 329 2014 publicam
365 1949 525 1995 sacrorum
558 1934 738 1996 uestrorum
771 1932 1015 1996 celebrationem
1046 1949 1320 2005 commemorares,

129 2059 153 2096 1⁵
173 2038 233 2101 nisi
246 2043 284 2101 ut
297 2037 388 2102 nobis
405 2037 589 2102 decuriones
606 2041 638 2102 et
651 2039 802 2121 primates
823 2039 963 2104 ciuitatis
981 2059 1037 2122 per
1054 2040 1176 2122 plateas
1195 2040 1321 2100 uestrae

174 2144 259 2208 urbis
282 2145 473 2209 bacchantes
498 2164 534 2208 ac
557 2144 698 2208 furentes
722 2148 794 2208 ante
819 2146 928 2210 oculos
958 2145 1048 2228 quasi
1072 2146 1202 2228 specula
1227 2163 1321 2225 pone-

174 2271 289 2316 remus.
309 2251 341 2314 iu
361 2271 423 2334 qua
442 2251 623 2316 celebritate
644 2252 670 2315 si
690 2253 819 2315 numine
837 2251 1068 2329 inhabitamini,
1089 2254 1173 2316 certe
1193 2250 1320 2327 uidetis,
1392 2291 1395 2297 ·

176 2358 265 2438 quale
288 2357 370 2421 illud
394 2360 445 2436 sit,
471 2357 556 2439 quod
579 2357 691 2422 adimit
714 2361 872 2434 mentem3
898 2359 925 2422 si
950 2360 1057 2422 autem
1085 2358 1217 2440 fingitis,
1241 2375 1322 2438 quae

177 2469 248 2529 sunt
283 2465 347 2529 ista
379 2465 474 2529 etiam
506 2465 538 2528 in
570 2465 699 2546 publico
723 2468 833 2530 uestra
856 2469 998 2530 secreta?
1022 2466 1074 2530 uel
1099 2485 1160 2547 quo
1184 2463 1323 2546 pertinet

128 2592 155 2628 20
176 2575 237 2634 tam
275 2575 367 2653 turpe
404 2570 631 2634 mendacium?
665 2570 775 2635 deinde
810 2590 865 2634 cur
896 2571 984 2635 nulla
1015 2571 1123 2634 futura
1147 2569 1269 2646 canitis,
1295 2569 1323 2632 si

10 2763 11 2766 Ἴ
177 2683 264 2742 uates
298 2678 402 2742 estis?
436 2680 492 2741 aut
524 2697 580 2742 cur
612 2677 758 2760 spoliatis
793 2677 1047 2754 circumstanter,
1078 2677 1106 2740 si
1129 2676 1198 2740 sani
1222 2675 1322 2740 estis?

9 2831 10 2838 ,
107 2781 126 2840 5
221 2783 299 2849 Cum
331 2785 431 2869 igitur
461 2785 539 2848 haec
571 2803 628 2848 nos
662 2788 693 2848 et
726 2785 797 2860 alia,
830 2803 909 2866 quae
938 2803 1022 2848 nunc
1044 2782 1325 2865 praetermittenda

181 2891 331 2967 existimo,
355 2910 411 2972 per
434 2891 605 2973 epistulam
628 2893 716 2954 tuam
740 2889 852 2954 feceris
875 2889 1041 2966 recordari,
1067 2889 1144 2972 quid
1166 2908 1225 2953 nos
1245 2888 1323 2951 deri-

180 2997 305 3061 deamus
331 2997 406 3062 deos
429 3001 565 3076 uestros
586 3016 665 3079 quos
686 2996 741 3061 abs
761 3000 793 3059 te
812 2996 882 3079 ipso
902 2996 1064 3061 subtiliter
1078 2995 1212 3059 derideri
1231 3013 1323 3058 nemo

267 3174 279 3224 1
300 3171 381 3240 Verg.
401 3172 469 3225 Aen.
488 3171 555 3224 VIII
574 3171 716 3225 319-320
771 3171 787 3224 5
808 3171 840 3224 ci.
860 3170 915 3225 Cic.
936 3171 968 3224 de
988 3162 1043 3224 nat.
1064 3170 1088 3224 d.
1108 3169 1122 3222 Ι
1140 3170 1186 3232 42,
1207 3170 1258 3222 119

214 3280 334 3350 lprins,
359 3295 427 3334 corr.
451 3296 485 3332 aa.
510 3283 525 3330 1
547 3279 650 3346 primus
668 3278 702 3331 Η
791 3279 961 3332 aethereoA
988 3278 1048 3332 edd.
1140 3277 1230 3346 olypo,
1249 3281 1324 3330 nat

181 3368 256 3438 olipa
275 3369 305 3422 E
376 3369 392 3421 2
416 3369 476 3422 exul
500 3368 615 3438 adeptus
634 3369 660 3420 A
685 3385 751 3420 erua
777 3370 874 3436 (supro
898 3368 964 3422 add.
988 3367 1008 3433 l)
1036 3367 1145 3432 demtis,
1168 3383 1201 3420 m.
1225 3365 1324 3419 2ernl

180 3457 310 3526 ademptis
329 3457 359 3510 Ε
429 3457 552 3526 3adque
571 3456 605 3510 H
678 3457 790 3510 huiusce
808 3457 882 3510 modi
899 3457 928 3510 R
947 3456 1007 3511 edd.
1080 3456 1163 3508 4ille
1182 3454 1323 3524 mysticam

180 3545 291 3613 corripui,⁸
317 3546 364 3598 ille
391 3546 505 3598 multam
530 3546 606 3600 codd.
632 3563 709 3599 acm
731 3545 876 3598 Euhemeri
899 3546 958 3612 fir
1084 3546 1098 3598 7
1129 3547 1222 3613 quatu,
1246 3560 1280 3596 m.
1305 3547 1326 3596 2

182 3638 281 3702 quantu
299 3635 336 3687 M
406 3635 422 3687 8
442 3633 605 3704 patiebatur,
626 3651 693 3688 corr.
713 3652 747 3686 ra.
768 3641 782 3687 1
801 3633 977 3704 patiebantur
996 3634 1023 3686 A
1095 3634 1112 3686 9
1132 3634 1174 3701 ec]
1199 3649 1244 3685 eos
1263 3632 1324 3684 Ee

183 3722 301 3790 (expalP
372 3723 466 3792 quoR
518 3725 551 3776 10
570 3723 769 3787 sacratioribus,
789 3741 824 3777 m.
843 3727 862 3776 2
881 3724 1116 3776 secretioribusE
1161 3723 1191 3774 11
1208 3721 1324 3774 liberum

182 3811 205 3877 (e
223 3829 281 3880 corp.
301 3829 336 3865 aa
356 3815 384 3878 2)
405 3812 433 3865 P
496 3814 528 3866 12
549 3812 741 3876 comitendum,
759 3829 794 3865 ra.
813 3815 831 3865 2
850 3811 1070 3864 committendum
1090 3811 1128 3865 M
1197 3813 1278 3880 putes
1298 3810 1326 3862 A

184 3902 214 3952 15
231 3901 391 3968 plurimates
409 3901 437 3952 A·
509 3901 645 3964 ciuitates,
665 3917 733 3955 cerr.
752 3919 787 3953 m.
807 3906 823 3953 1
842 3901 963 3976 ciuitatis
981 3901 1010 3954 R
1066 3901 1098 3951 16
1118 3916 1184 3968 quea
1204 3901 1223 3968 (i
1243 3898 1325 3964 cras.)

183 3989 205 4040 si
222 3990 252 4042 Ε
322 3991 452 4059 spectula,
473 4007 506 4044 ca
526 3993 546 4042 2
565 3990 718 4059 spectacula
731 3990 769 4042 M
785 3989 940 4060 spectacula
952 3989 1034 4043 EPB
1047 3989 1107 4042 eda
1170 3990 1202 4040 17
1217 3988 1326 4056 inques

183 4076 337 4130 celebritate
357 4078 398 4130 sin
420 4079 497 4144 (corr.
517 4095 550 4130 art.
566 4083 582 4130 1
596 4077 768 4130 celebritates
783 4079 823 4145 in)
837 4078 947 4132 numine
960 4074 990 4130 Ε
1001 4078 1030 4130 in
1045 4094 1099 4146 qua
1112 4075 1284 4129 celebritates
1298 4076 1325 4128 in

183 4165 270 4218 umine
280 4165 314 4218 H
325 4165 352 4218 in
364 4182 416 4233 qua
427 4165 586 4238 celebritate
597 4166 654 4219 sine
664 4167 775 4219 numine
785 4167 813 4219 P
848 4166 881 4218 21
899 4167 978 4228 uatis,
990 4182 1058 4219 corr.
1069 4170 1147 4218 uates
1157 4167 1187 4219 E
1222 4165 1255 4218 23
1265 4166 1327 4231 nos}

183 4267 301 4304 nosnon
322 4251 380 4306 edd.
419 4253 454 4305 24
473 4252 532 4318 deo¹
552 4253 735 4307 rra.2deosA
789 4254 1019 4324 ipsoelfuc'tle
1075 4255 1326 4307 nemonorrora.A
