3142 4992
245 396 309 458 114
588 391 615 445 S.
643 388 783 444 Aureli
810 387 1031 458 Augustini

732 584 897 650 XXVIIII.

201 700 217 762 l
288 713 335 776 De
362 711 492 796 negotio
520 693 657 787 interim,
687 710 771 792 quod
802 729 865 775 uon
899 728 1008 774 curare
1040 728 1101 774 non
1133 728 1275 793 possum,
1308 708 1389 772 nihil

244 819 364 883 certurn
391 816 527 880 scribere
549 815 641 898 potui
660 816 790 881 absente
808 817 904 879 fratre
924 815 1095 906 Machario,
1116 815 1170 898 qui
1190 815 1253 879 cito
1273 814 1389 878 dicitur

241 924 413 1001 rediturus,
438 925 471 987 et
494 922 579 1005 quod
603 922 660 986 deo
690 921 861 986 adiuuante
889 921 998 1005 peragi
1026 921 1178 1003 potuerit,
1208 922 1388 1004 peragetur.

244 1030 281 1095 de
304 1032 412 1095 nostra
435 1031 543 1094 autem
566 1047 621 1112 pro
642 1028 688 1093 eis
709 1028 925 1094 sollicitudine
945 1047 1139 1111 quamquam
1156 1028 1269 1093 fratres
1288 1026 1391 1091 nostri
1421 1050 1435 1090 a

244 1137 343 1211 ciues,
369 1136 424 1220 qui
448 1136 587 1212 aderant,
612 1153 740 1200 securos
770 1153 829 1199 uos
857 1135 960 1200 facere
988 1137 1130 1218 possent,
1157 1138 1264 1199 tamen
1293 1133 1389 1217 digna

241 1264 292 1310 res
308 1243 474 1326 epistulari
494 1241 671 1323 conloquio,
685 1260 747 1323 quo
767 1260 825 1306 nos
843 1241 981 1306 inuicem
1002 1241 1212 1319 consolamur,
1228 1261 1247 1304 a
1261 1239 1388 1305 domino
1469 1318 1473 1327 ,

242 1350 395 1433 praestita
419 1353 477 1424 est,
500 1349 534 1413 in
558 1368 619 1432 quo
652 1347 859 1429 promerendo
892 1349 1031 1412 multum
1066 1367 1124 1413 nos
1157 1347 1284 1412 adiutos
1317 1365 1388 1411 esse

245 1457 403 1522 credimus
426 1456 497 1539 ipsa
520 1458 628 1520 uestra
656 1454 883 1532 sollicitudine,
907 1473 987 1537 quae
1014 1454 1156 1536 profecto
1185 1453 1253 1518 sine
1281 1453 1388 1534 depre-

245 1563 367 1628 catione
390 1583 446 1646 pro
466 1561 567 1651 ‘uobis
586 1579 657 1626 esse
681 1578 742 1624 non
765 1561 882 1643 potuit.
1406 1586 1434 1625 ιο

199 1673 219 1734 2
286 1672 398 1752 ltaque
431 1687 493 1733 non
525 1667 817 1751 praetermittamus
849 1669 976 1732 uestrae
1000 1666 1126 1732 caritati
1149 1686 1283 1746 narrare,
1312 1665 1410 1748 quid·

243 1780 372 1861 gestum
396 1775 448 1850 sit,
473 1776 510 1838 ut
533 1774 700 1839 nobiscum
725 1773 782 1838 deo
807 1774 926 1858 gratias
950 1774 1053 1858 agatis
1078 1773 1117 1838 de
1142 1776 1272 1856 accepto
1295 1772 1388 1837 bene-

243 1882 326 1960 ficio,
353 1881 406 1963 qui
430 1881 597 1945 nobiscum
621 1899 731 1963 preces
760 1881 798 1944 de
827 1881 1011 1963 accipiendo
1039 1880 1181 1945 fudistis.
1210 1899 1283 1944 cum
1314 1881 1389 1961 post

242 1988 471 2074 profectionem
494 1990 584 2051 tuam
607 1986 699 2051 nobis
722 1986 905 2051 nuntiatum
928 1991 1015 2052 esset
1032 1985 1223 2052 tumultuari
1241 1985 1387 2050 homines

244 2099 276 2160 et
299 2094 400 2160 dicere
425 2113 459 2158 se
483 2094 564 2158 ferre
587 2112 648 2158 non
671 2111 777 2177 posse,
801 2097 839 2157 ut
860 2093 917 2157 illa
940 2094 1140 2159 sollemnitas
1158 2093 1387 2176 prohiberetur,
1408 2121 1432 2159 1⁵

243 2222 338 2284 quam
360 2200 516 2267 laetitiam
535 2201 734 2266 nominantes
753 2200 950 2265 uinulentiae
967 2220 1082 2266 nomen
1099 2201 1219 2265 frustra
1236 2203 1388 2264 conantur

243 2307 447 2386 abscondere,
480 2308 566 2373 siout
598 2307 693 2371 etiarn
725 2311 757 2372 te
786 2311 953 2391 praesente
980 2307 1044 2371 iam
1075 2307 1140 2372 iam
1173 2306 1386 2381 nuntiabatur,

244 2418 420 2498 opportune
444 2413 535 2478 nohis
560 2413 676 2478 accidit
699 2415 825 2479 occulta
855 2413 1052 2478 ordinatione
1076 2413 1303 2496 omnipotentis
1328 2412 1387 2488 dei,

179 2544 181 2548 ·
243 2523 280 2584 ut
312 2523 423 2602 quarta
454 2520 532 2584 feria
563 2519 643 2584 illud
673 2519 707 2583 in
740 2520 908 2603 euangelio
946 2520 1123 2603 capitulum
1160 2521 1389 2602 consequenter·

242 2630 445 2692 tractaretur:
470 2625 610 2692 Nolite
634 2626 726 2691 dare
751 2630 936 2692 sanctum
961 2626 1130 2692 canibus
1154 2646 1282 2710 neque
1305 2645 1388 2710 pro·
1406 2656 1432 2694 ao

242 2733 435 2798 ieceritis
459 2733 705 2817 margaritas
730 2737 894 2798 uestras
918 2737 1010 2798 ante
1033 2753 1191 2816 porcos.
1215 2736 1388 2798 tractatum

243 2845 294 2906 est
317 2859 391 2924 ergo
416 2840 453 2904 de
479 2840 609 2904 canibus
635 2842 666 2904 et
691 2841 729 2904 de
750 2841 857 2922 porcis
881 2840 940 2919 ita·
965 2843 1002 2905 ut
1030 2844 1063 2904 et
1088 2841 1247 2922 peruicaci
1269 2840 1388 2904 latratu

332 3031 368 3086 20
385 3031 483 3084 Matth.
504 3031 528 3094 7,
547 3031 564 3084 6

439 3147 470 3198 X
488 3169 521 3190 =
541 3145 600 3200 cod.
623 3145 1018 3202 Obeltenhumensa'e12261a
1043 3146 1130 3200 VIII.

278 3268 358 3323 Haec
377 3269 496 3338 epistola
515 3284 533 3321 u
551 3268 696 3322 Menelais
715 3269 843 3337 premam
861 3269 937 3323 edita
955 3275 980 3323 et
999 3275 1065 3339 post
1087 3269 1232 3332 edite‘onem
1249 3270 1388 3338 recopnita

205 3394 207 3397 .
242 3363 281 3412 cst
295 3358 335 3411 ad
344 3357 566 3425 antiquissimum
576 3357 715 3425 manenter
729 3357 907 3412 bibliothecae
920 3359 954 3413 P.
964 3359 998 3412 P.
1016 3359 1235 3413 Cirterciensium
1249 3358 1278 3412 S.
1295 3357 1390 3412 Crucis

241 3447 273 3500 in
287 3446 437 3500 Ierusalem
455 3446 487 3499 tn
506 3445 594 3513 Urbc’,
614 3462 691 3514 quem
710 3446 827 3500 codicem
839 3446 954 3514 frustra
969 3464 987 3500 u
1001 3463 1042 3501 me
1056 3447 1211 3515 quaesitum
1229 3463 1284 3502 esee
1301 3447 1387 3501 doleo.

277 3587 416 3670 {PlSTlA
434 3571 499 3642 Piis
517 3586 769 3642 IPPONunslUM
786 3574 859 3642 Rhe
873 3589 922 3642 AD
936 3575 1063 3644 Arreni
1074 3574 1148 3644 EPM
1161 3587 1388 3644 TACHASTEN·

243 3679 302 3733 SIU
324 3677 373 3732 DE
395 3677 458 3730 DIE
482 3675 637 3732 NATALIS
661 3676 797 3730 LEONTI
821 3677 1003 3742 QUODDAM
1025 3665 1090 3733 rifi
1108 3662 1332 3733 IPPONENSlll
1359 3679 1391 3730 X

243 3767 360 3837 epistola
378 3765 534 3835 Presbyteri
552 3765 767 3836 Hipponensium
786 3767 922 3836 regiorum
942 3767 976 3820 ad
994 3769 1123 3838 Alypium
1142 3769 1298 3838 episcopum
1317 3766 1387 3820 Tha·

244 3855 412 3925 gastensium
427 3854 459 3907 de
475 3854 517 3907 uie
530 3853 639 3908 Natalis
653 3854 761 3909 Leontii
777 3855 913 3923 quondam
924 3857 1044 3927 episcopi
1057 3857 1241 3928 Hipponensis
1249 3855 1388 3924 numpti-

243 3944 306 3996 onis
331 3943 389 3997 loco
408 3943 531 4011 positum
553 3960 587 3998 m.
679 3945 695 3997 2
718 3959 772 3997 non
795 3945 915 4015 possum]
938 3962 1049 4014 possum
1068 3947 1100 4000 X
1188 3946 1205 3999 5
1229 3945 1262 4000 de
1281 3944 1385 4012 nostra]

244 4030 352 4085 dexeste
366 4033 397 4084 X
455 4048 502 4100 pro
523 4031 571 4102 eis]
591 4032 678 4102 peries
692 4034 723 4085 X
767 4033 783 4085 6
803 4049 851 4086 uos
870 4034 993 4102 sempsie
1007 4035 1163 4090 conanum
1175 4034 1389 4098 Mamercorum

243 4137 305 4173 suos
324 4122 356 4174 X
372 4137 399 4173 m
467 4121 482 4173 7
503 4121 657 4175 consolatur
674 4121 706 4174 X
781 4122 813 4174 ll
834 4129 851 4174 r'r
869 4123 902 4176 X
918 4139 952 4176 ne
971 4139 998 4176 m
1070 4124 1130 4194 quis
1149 4125 1181 4177 X
1248 4122 1388 4184 renatis,

243 4213 340 4262 mla.
355 4225 382 4262 n.
400 4207 465 4264 add.
481 4211 585 4262 cumX
639 4210 671 4264 15
691 4208 896 4278 prohiberentur
915 4214 1038 4282 (naas.)
1053 4213 1085 4265 X
1140 4213 1172 4267 16
1191 4213 1344 4266 nominatas
1359 4213 1390 4266 X

245 4297 276 4350 17
297 4297 379 4350 etiam
398 4303 555 4366 represente
574 4300 605 4351 X
