3142 4992
208 337 271 401 120
563 333 747 391 S.Auroli
775 336 994 405 Augustini

207 531 291 607 sunt,
316 529 422 612 aliqua
445 549 462 594 a
486 530 577 594 nobis
602 530 686 595 affici
709 531 903 596 contumelia
924 531 1119 610 uiderentur,
1144 531 1276 615 exposui
1294 531 1351 609 eis,

207 655 270 718 qua
293 636 483 702 necessitate
506 637 569 701 ista
591 636 623 701 in
643 638 778 704 ecclesia
795 638 981 702 uiderentur
998 642 1114 704 exorta.
1138 638 1262 704 scilicet
1279 636 1354 721 post

205 743 443 823 persecutiones
462 747 528 808 tam
551 744 669 809 multas
693 747 823 826 tamque
846 746 1052 810 uehementes
1076 764 1149 810 cum
1172 745 1258 809 facta
1275 763 1352 828 pace

206 849 317 913 turbae
341 849 511 933 gentilium
533 850 566 914 in
591 850 799 915 christianum
823 870 938 916 nomen
962 851 1070 916 uenire
1098 851 1263 934 cupientes
1290 851 1352 916 hoo

207 955 446 1038 impedirentur,
481 957 567 1038 quod
599 957 667 1022 dies
699 957 801 1023 festos
834 977 906 1022 cum
939 957 1034 1024 idolis
1067 958 1135 1023 suis
1160 958 1299 1046 solerent
1319 957 1383 1021 ina

207 1060 400 1126 abundantia
424 1063 586 1144 epulamm
612 1067 644 1127 et
667 1064 820 1128 ebrietate
844 1081 1031 1130 consumere
1053 1083 1112 1129 nec
1130 1064 1224 1129 facile
1244 1065 1282 1127 ab
1302 1063 1353 1128 his

206 1169 486 1250 perniciosissimis
533 1170 589 1234 sed
630 1173 736 1234 tamen
778 1170 1012 1236 uetustissimis
1053 1170 1276 1253 uoluptatibus
1318 1188 1352 1234 se

206 1279 337 1356 possent
370 1276 537 1355 abstinere,
571 1277 678 1341 uisum
710 1277 811 1342 fuisse
843 1277 1017 1342 maioribus
1048 1277 1176 1356 nostris,
1209 1279 1246 1341 ut
1277 1276 1353 1340 huic

206 1381 400 1447 infirmitatis
424 1384 507 1467 parti
529 1384 657 1448 interim
680 1387 863 1467 parceretur
896 1384 1028 1467 diesque
1055 1384 1157 1449 festos
1184 1386 1260 1467 post
1287 1402 1352 1459 eos,

208 1507 287 1569 qnos
309 1489 539 1571 relinquebant,
564 1491 644 1556 alios
667 1491 699 1554 in
724 1492 878 1556 honorem
901 1494 1084 1556 sanctorum
1098 1493 1282 1573 vmartyrum
1300 1489 1354 1554 uel
1371 1514 1397 1554 ro

207 1613 268 1658 non
297 1595 396 1660 simili
424 1595 590 1681 sacrilegio
622 1597 769 1679 quamuis
799 1597 897 1662 simili
934 1598 1011 1662 luxu
1047 1597 1255 1672 celebrarent;
1288 1595 1353 1659 iam

208 1697 326 1765 Christi
349 1702 475 1768 nomine
500 1703 670 1789 conligatis
695 1706 727 1769 et
749 1706 856 1769 tantae
880 1704 1081 1770 auctoritatis
1108 1703 1184 1786 iugo
1213 1702 1352 1768 subditis

208 1806 359 1872 salutaria
382 1809 563 1875 sobrietatis
586 1814 755 1894 praecepta
778 1812 984 1890 traderentur,
1009 1811 1126 1895 quibus
1143 1811 1208 1874 iam
1225 1815 1354 1891 propter

206 1914 427 1997 praecipientis
464 1917 615 1982 honorem
653 1937 688 1982 ac
724 1918 873 1982 timorem
911 1918 1061 1983 resistere
1100 1936 1163 1982 non
1201 1917 1352 1980 ualerent.

208 2021 355 2102 quocirca
386 2023 450 2086 iam
481 2026 609 2106 tempus
643 2044 723 2100 esse,
756 2027 804 2102 ut,
838 2025 893 2107 qui
924 2044 985 2090 non
1014 2043 1049 2089 se
1086 2023 1204 2088 audent
1238 2040 1397 2106 negarem

209 2127 409 2209 christianos,
434 2133 608 2196 secundum
633 2131 752 2197 Christi
775 2133 976 2198 uoluntatem
998 2132 1108 2197 uiuere
1129 2129 1293 2213 incipiant,
1316 2131 1353 2193 ut

210 2251 255 2311 ea,
280 2255 370 2317 quae,
394 2241 432 2301 ut
455 2242 563 2303 essent
586 2239 760 2317 christiani,
790 2258 942 2305 concessa
974 2241 1058 2318 sunt,
1084 2257 1157 2303 oum
1187 2233 1352 2301 christiani

210 2343 295 2418 sunt,
318 2346 518 2425 respuantur.

165 2455 206 2520 10
252 2447 374 2513 Deinde
408 2450 553 2516 hortatus
587 2471 669 2529 sum,
702 2453 740 2516 ut
767 2450 1049 2515 transmarinarum
1077 2447 1293 2524 ecclesiamm,
1320 2446 1352 2510 in

209 2553 325 2635 quibus
357 2557 472 2639 partim
504 2557 567 2622 ista
599 2561 726 2640 recepta
757 2577 932 2641 numquam
965 2559 1051 2634 sunt,
1074 2555 1190 2639 partim
1211 2554 1277 2618 iam
1298 2571 1398 2635 perro

208 2660 309 2726 bonos
334 2666 472 2728 rectores
496 2666 615 2747 populo
641 2665 879 2748 obtemperante
903 2667 1054 2737 correcta,
1076 2662 1255 2726 imitatores
1282 2678 1354 2724 esse

209 2768 376 2833 nollemus.
393 2771 425 2834 et
441 2770 589 2852 quoniam
609 2770 647 2834 de
666 2771 801 2835 basilica
818 2770 904 2835 beati
923 2769 1059 2853 apostoli
1076 2768 1164 2834 Petri
1178 2765 1354 2834 cotidianae

208 2872 404 2940 uinulentiae
435 2877 675 2959 proferebantur
707 2878 858 2961 exempla,
893 2877 956 2941 dixi
991 2876 1093 2958 primo
1131 2874 1259 2939 audisse
1296 2891 1353 2936 nos

210 2999 304 3062 saepe
328 3000 399 3046 esse
422 2983 628 3066 prohibitum,
653 2984 709 3048 sed
733 2984 818 3066 quod
849 2986 992 3048 remotus
1026 2982 1069 3047 sit
1093 2983 1185 3048 locus
1219 2980 1257 3045 ab
1291 2978 1354 3061 epi·

210 3089 298 3171 scopi
322 3089 562 3154 conuersatione
587 3090 673 3154 etin
696 3092 786 3154 tanta
810 3090 940 3156 ciuitate
963 3109 1079 3173 magna
1107 3088 1150 3152 sit
1181 3085 1354 3152 camellum
1372 3116 1398 3155 2⁵

209 3195 383 3260 multitudo
416 3196 592 3280 peregrinis
624 3197 821 3279 praesertim,
856 3197 911 3279 qui
943 3196 1019 3261 noui
1047 3194 1182 3260 subinde
1210 3193 1352 3270 ueniunt,

209 3303 298 3366 tanto
322 3302 496 3368 uiolentius
520 3306 638 3385 quanto
661 3302 810 3367 inscitius
829 3303 918 3366 illam
937 3301 1200 3367 consuetudinem
1219 3298 1354 3363 retinen-

208 3407 306 3485 tibus,
330 3412 396 3472 tam
418 3408 589 3474 immanem
612 3411 735 3492 pestem
759 3409 900 3473 nondum
928 3407 1088 3491 compesci
1111 3405 1277 3487 sedarique
1299 3422 1354 3486 po-

209 3514 321 3580 tuisse.
346 3535 458 3580 uerum
482 3519 588 3580 tamen
612 3534 668 3580 nos
693 3515 721 3578 si
743 3515 876 3579 Petrum
904 3514 1085 3596 apostolum
1117 3511 1354 3587 honoraremus,

210 3621 323 3687 debere
346 3624 514 3705 praecepta
537 3622 606 3686 eius
630 3621 738 3685 audire
762 3624 795 3686 et
817 3622 918 3685 multo
943 3620 1091 3685 deuotius
1114 3618 1296 3701 epistulam,
1320 3615 1354 3678 in
1373 3643 1400 3684 oo

247 3882 366 3936 laom.
386 3882 417 3935 X
479 3881 647 3936 6habuntia
665 3883 696 3936 X
761 3881 855 3936 laedi
873 3883 966 3935 tamen
984 3881 1016 3934 X
1034 3883 1062 3934 et
1080 3882 1138 3934 tarn
1156 3896 1183 3933 m
1257 3876 1356 3946 9post

210 3987 256 4024 eos
276 3973 353 4040 quos]
373 3987 422 4041 pos
440 3971 496 4026 tuis
516 3970 587 4040 quod
605 3972 635 4024 X
693 3971 724 4026 10
743 3971 903 4040 martyrum]
922 3969 1031 4023 interim
1050 3970 1081 4022 X
1136 3969 1167 4022 11
1188 3966 1355 4021 celebrarent

210 4059 370 4127 emendoui,·
398 4060 598 4114 celebrarentur
624 4061 656 4113 X
678 4077 705 4112 m
810 4060 842 4113 13
873 4059 985 4112 salutari
1012 4058 1044 4110 X
1147 4057 1179 4109 17
1209 4055 1280 4122 oum]
1308 4053 1355 4122 qui

209 4148 409 4203 Mawra'aorum
432 4149 515 4204 codex
615 4150 650 4204 20
675 4149 728 4202 ista
752 4165 802 4202 nec
825 4152 932 4218 ceptae«
952 4150 1016 4201 sunt
1035 4146 1066 4200 X
1154 4146 1189 4200 28
1209 4141 1354 4212 compescis
1394 4149 1400 4159 '

210 4237 337 4306 adurique
355 4238 387 4290 X
