3142 4992
256 362 319 424 122
606 357 632 412 S.
660 356 802 412 Aureli
829 356 1049 428 Augustini

254 553 471 632 metuendum,
497 553 551 637 qui
574 557 739 635 tamquam
762 553 903 637 primum
927 556 1098 632 sectantur,
1123 553 1209 636 quod
1232 553 1403 637 aliquando

255 658 447 735 destruetur,
473 678 547 724 cum
570 659 706 742 quisque
732 677 839 724 comes
860 659 1017 724 efficiatur
1036 659 1104 724 eius
1122 658 1179 737 rei,
1199 678 1295 741 quam
1315 658 1402 734 colit,

253 765 479 848 insultaritque
494 766 660 848 apostolus
674 766 795 830 talibus
811 766 933 831 dicens:
951 765 1125 846 Quorum
1140 766 1235 830 deus
1250 766 1401 849 uenter,

256 871 433 937 cumidem
453 872 606 938 alioloco
627 871 755 936 dixerit:
779 873 882 937 Esca
899 872 1037 936 uentri
1056 874 1095 937 et
1113 875 1258 937 uenter
1276 871 1401 946 escis3

256 978 353 1044 deus
379 981 510 1044 autem
539 983 578 1045 et
599 980 703 1044 hunc
733 981 772 1044 et
799 980 898 1044 illas
930 978 1158 1044 euacuabit.
1188 997 1245 1043 nos
1268 976 1401 1061 proinde
1432 1002 1445 1042 s

255 1087 397 1167 oportere
420 1085 454 1149 id
477 1085 578 1168 sequi,
604 1084 689 1168 quod
712 1104 774 1150 non
800 1088 983 1163 euacuatur,
1009 1085 1093 1168 quod
1112 1084 1366 1149 remotissimum
1385 1101 1403 1147 a

255 1192 357 1257 camis
381 1191 653 1275 affectu'spiritus
678 1191 930 1257 sanctificatione
954 1192 1117 1256 retinetur.
1143 1191 1293 1273 atquem
1320 1178 1403 1254 hane

255 1299 446 1364 sententiam
477 1318 534 1381 pro
566 1300 711 1381 tempore
745 1317 818 1363 cum
851 1317 897 1377 ea,
931 1318 1012 1381 quae
1046 1298 1193 1363 dominus
1232 1316 1403 1382 suggerere

256 1407 404 1490 dignatus
430 1408 489 1485 est,
515 1405 600 1472 dicta
623 1408 740 1484 essent,
766 1408 838 1470 acta
861 1409 937 1470 sunt
958 1407 1152 1488 uespertiua,
1177 1425 1257 1488 quae
1285 1405 1403 1470 cotidie

255 1515 369 1591 solent,
405 1513 560 1597 nobisque
597 1532 671 1578 cum
707 1513 857 1598 episcopo
890 1513 1112 1578 recedentibus
1146 1512 1258 1577 fratres
1290 1511 1403 1577 eodem
1420 1532 1447 1574 ιο

254 1621 324 1686 loco
347 1621 481 1704 hymnos
511 1620 656 1685 dixerunt
683 1639 745 1684 non
768 1639 867 1703 parua
889 1619 1096 1684 multitudine
1119 1620 1288 1703 utriusque
1310 1637 1404 1682 secus

256 1727 294 1791 ad
318 1728 522 1791 obscuratum
547 1726 630 1791 diem
654 1729 802 1791 manente
826 1728 921 1809 atque
943 1727 1110 1809 psallente.

213 1831 253 1893 12
299 1834 430 1918 Digessi
452 1833 557 1910 uobis,
591 1836 744 1916 quantum
777 1832 919 1897 breuiter
950 1833 1054 1915 potui,
1087 1833 1173 1916 quod
1204 1851 1264 1897 uos
1293 1831 1401 1896 audire

256 1941 452 2005 desiderasse
486 1940 557 2023 quis
592 1939 808 2005 dubitauerit?
841 1941 937 2018 orate,
961 1943 999 2004 ut
1031 1960 1050 2005 a
1082 1939 1250 2005 conatibus
1283 1937 1402 2002 nostris

256 2047 363 2114 omnia
400 2046 549 2112 scandala
586 2049 618 2111 et
655 2046 760 2111 omnia
796 2045 903 2110 taedia
938 2045 1017 2111 deus
1060 2046 1208 2130 dignetur
1249 2046 1402 2109 auertere.
1420 2062 1448 2104 rs

255 2172 468 2239 magnaeane
492 2156 640 2236 exparte
668 2152 837 2218 uobiscum
866 2152 1099 2234 requiescimus
1132 2171 1206 2217 cum
1238 2150 1403 2216 alacritate
1557 2138 1558 2143 ’

255 2259 399 2337 feruoris,
433 2259 509 2342 quia
541 2259 694 2343 spiritalis
729 2259 883 2324 ecclesiae
909 2258 1159 2343 vTagastensium
1196 2261 1262 2322 tam
1295 2257 1404 2322 crebra

255 2367 345 2432 nobis
379 2365 460 2432 dona
492 2367 689 2431 nuntiantur.
723 2366 814 2431 nauis
848 2385 922 2430 cum
954 2365 1106 2430 fratribus
1138 2364 1279 2430 noudum
1302 2363 1402 2428 uenit.

255 2473 339 2554 apud
362 2473 492 2552 Asnam,
525 2473 581 2538 ubi
614 2475 663 2538 est
695 2473 860 2557 presbyter
882 2473 981 2537 frater
1002 2472 1187 2558 Argentius,
1212 2470 1402 2536 Circumcel-

254 2580 356 2645 liones
392 2579 579 2644 inuadentes
612 2579 780 2646 basilicam
822 2582 964 2644 nostram
1002 2578 1099 2643 altare
1137 2577 1401 2642 comminuerunt.
1420 2597 1447 2637 ro

255 2705 351 2751 causa
364 2705 449 2750 nuuc
464 2685 578 2770 agitur,
595 2705 675 2768 quae
689 2690 727 2751 ut
740 2689 851 2769 pacate
871 2689 986 2770 agatur
1005 2688 1038 2750 et
1055 2688 1093 2750 ut
1112 2684 1280 2750 ecelesiam
1295 2684 1403 2748 catho-
1557 2668 1558 2695 ¹

255 2792 350 2856 licam
387 2792 480 2857 decet
512 2792 551 2856 ad
584 2793 808 2875 opprimendas
849 2793 976 2878 linguas
1018 2793 1188 2858 haereseos
1225 2792 1401 2873 inpacatae,

196 2971 198 2974 y
255 2899 394 2963 multum
416 2918 475 2964 uos
495 2899 647 2981 petimus,
666 2902 704 2964 ut
724 2900 832 2966 oretis,
858 2900 1029 2983 epistulam
1047 2899 1219 2964 Asiarchae
1242 2896 1403 2962 misimus.

256 3005 435 3070 beatissimi
457 3006 670 3089 perseueretis
693 3007 725 3070 in
750 3006 878 3072 domino
902 3025 1059 3071 memores
1074 3005 1194 3091 nostri.
1219 3023 1320 3068 amen.

345 3197 362 3250 3
380 3196 451 3250 Phil.
470 3198 496 3260 3,
519 3198 551 3251 19
605 3199 623 3250 4
641 3195 655 3252 Ι
675 3196 734 3252 Gor.
754 3197 780 3261 6,
802 3197 835 3250 13

292 3321 308 3374 5
327 3321 472 3374 euacuauit
490 3321 521 3374 X
569 3321 584 3374 7
600 3320 687 3390 adque
702 3320 733 3373 X
781 3320 797 3372 9
812 3337 881 3390 quae
894 3318 1006 3389 cotidie]
1022 3319 1144 3389 quetidie
1160 3320 1357 3382 (numeral)
1372 3318 1404 3370 X

257 3410 288 3463 11
308 3409 423 3478 hymnus
442 3409 473 3462 X
489 3409 618 3479 hymnum
632 3425 672 3476 m;
689 3408 790 3478 scripsi
806 3409 920 3479 hymnos
1006 3425 1084 3463 sexus
1104 3407 1205 3462 addidi
1218 3424 1232 3462 e
1245 3407 1404 3462 matertera
1428 3480 1435 3490 “

255 3497 455 3560 Mamercorum
546 3498 578 3551 12
599 3497 686 3568 adque
705 3498 737 3551 X
828 3501 861 3552 19
885 3515 978 3552 aenam
995 3499 1027 3551 X
1044 3502 1070 3551 ct
1088 3497 1172 3552 codex
1189 3497 1404 3560 Montanorum,-

255 3585 375 3640 Hasnam
394 3602 429 3640 m.
