3142 4992
524 380 789 451 epistularum
816 379 956 435 XXVIIII.
1248 384 1311 448 117

167 576 360 662 numquid
385 577 521 641 domos
546 596 620 641 non
644 575 809 640 habetis
842 574 888 639 ad
920 575 1242 640 manducandum
1274 579 1313 642 et

166 684 409 750 bibendum?
433 682 724 748 anecclesiam
749 681 813 746 dei
836 681 1128 748 contemnitis?
1154 702 1215 765 quo
1234 684 1313 748 reci-

166 796 232 856 tato
266 790 452 874 diligentius
486 789 716 867 commendaui,
749 809 788 854 ne
820 790 955 855 honesta
987 790 1115 874 quidem
1147 794 1180 854 et
1209 791 1314 856 sobria

167 897 316 963 conuiuia
335 896 449 961 debere
467 896 499 960 in
520 896 655 961 eeclesia
674 895 836 973 celebrari,
857 897 981 978 quando
1001 896 1129 979 quidem
1148 897 1313 980 apostolus

114 1044 117 1051 ·
137 1023 149 1062 o
166 1025 228 1070 non
252 1004 379 1069 dixerit:
403 1003 569 1085 ‘numquid
594 1002 704 1068 domos
729 1022 791 1066 non
810 1003 936 1067 habetis
955 1003 995 1067 ad
1013 1003 1214 1068 inebriandos
1233 1004 1313 1081 uos',

166 1115 203 1176 ut
227 1111 318 1194 quasi
341 1113 467 1175 tantum
489 1109 584 1176 modo
616 1108 766 1174 inebriari
797 1109 830 1174 in
864 1111 1001 1175 ecclesia
1027 1129 1089 1174 uon
1111 1110 1233 1187 liceret,
1257 1109 1314 1174 sed

167 1217 222 1284 ‘ad
255 1217 574 1282 manducandum
609 1219 646 1282 et
676 1216 915 1293 bibendum’,
941 1216 1026 1298 quod
1049 1218 1157 1299 potest
1179 1217 1312 1281 honeste

166 1325 233 1389 fieri
257 1323 314 1390 sed
336 1327 460 1407 praeter
483 1323 650 1388 ecclesiam
675 1323 714 1387 ab
738 1323 796 1400 eis,
821 1322 876 1406 qui
900 1322 1011 1388 domos
1035 1323 1162 1401 habent,
1181 1322 1313 1387 ubi'ali-

166 1431 283 1496 mentis
308 1429 496 1496 necessariis
521 1430 608 1494 refici
626 1429 760 1513 possint.
782 1433 935 1494 ettamen
950 1449 1007 1494 nos
1023 1429 1063 1494 ad
1077 1431 1134 1494 has
1150 1429 1314 1514 angustias

123 1559 149 1599 ιο
167 1541 387 1620 corruptorum
409 1540 589 1620 temporum
612 1539 645 1601 et
667 1536 881 1602 diffluentium
904 1555 1029 1601 momm
1044 1555 1115 1601 esse
1133 1536 1313 1618 perductos,

166 1645 215 1708 uti
239 1645 378 1710 noudum
403 1644 548 1708 modesta
571 1642 721 1708 conuiuia
740 1643 797 1708 sed
816 1644 931 1708 saltem
951 1643 1162 1708 domestIcum
1179 1662 1315 1726 reguum

168 1751 330 1816 ebrietatis
355 1753 514 1833 optemus.

98 1856 120 1918 6
213 1858 469 1924 Commemoraui
493 1857 589 1923 etiam
614 1858 772 1942 euangelii
795 1858 984 1940 capitulum,
1010 1858 1095 1941 quod
1113 1856 1214 1940 pridie
1233 1858 1314 1921 trac-

166 1968 319 2042 taueram,
344 1966 400 2030 ubi
425 1965 463 2030 de
486 1965 773 2047 pseudoprophetis
798 1965 1004 2029 dictumest:
1029 1964 1081 2028 Ex
1103 1962 1314 2029 fructibus

119 2090 303 2136 meorum
336 2070 600 2154 cognoscetis
635 2089 712 2134 eos.
747 2070 860 2134 deinde
893 2070 925 2134 in
954 2069 1140 2135 memoriam
1155 2069 1314 2135 'reuocant

165 2179 288 2243 fruetus
313 2197 349 2242 eo
373 2178 444 2242 loco
467 2197 529 2242 non
554 2177 729 2260 appellatos
754 2177 817 2241 nisi
837 2197 939 2259 opera.
964 2180 1034 2241 tum
1057 2176 1213 2259 quaesiui,
1232 2176 1316 2241 inter

169 2303 248 2367 quos
280 2283 403 2348 fructus
436 2283 599 2348 nominata
630 2286 717 2348 esset
749 2284 896 2362 ebrietas,
930 2287 962 2348 et
993 2282 1126 2348 recitaui
1162 2282 1243 2346 illud
1275 2283 1315 2346 ed

170 2391 317 2456 Galatas:
341 2389 562 2456 Manifesta
594 2393 726 2455 autem
760 2393 855 2454 sunt
888 2409 1017 2473 opera*
1041 2391 1186 2465 earnis,
1215 2408 1315 2471 quae

169 2500 264 2562 sunt
295 2496 608 2575 fornicationes,
637 2496 921 2573 inmunditiae,
954 2496 1153 2572 luxuriae,
1186 2494 1314 2560 idolo·

124 2627 150 2666 ro
168 2623 251 2666 rum
272 2603 467 2684 seruitus,
487 2603 705 2680 ueneficio,
725 2603 988 2680 inimicitiae,
1014 2601 1313 2678 contentiones,

170 2709 485 2789 aemulationes,
515 2709 820 2786 animositates,
851 2709 1151 2786 dissensiones,
1182 2708 1314 2772 haere-

169 2835 244 2894 ses,
304 2816 500 2894 inuidiae,
538 2817 777 2893 ebrietates,
819 2816 1138 2881 comissationes
1180 2819 1219 2878 et
1250 2814 1314 2878 his

170 2922 343 2999 similia3
369 2942 467 3005 quae
491 2923 682 3004 praedico
711 2923 842 3001 uobis,
868 2923 978 2987 sicut
1007 2922 1201 3004 praedixi,
1227 2941 1314 3003 quo·

169 3029 280 3106 niam,
301 3029 369 3110 qui
392 3029 496 3093 talia
519 3032 654 3112 agunt,
673 3049 840 3114 regnum
860 3029 917 3093 dei
937 3048 1012 3094 non
1030 3028 1314 3112 possidebunt.

124 3161 150 3202 m
169 3139 243 3219 post
271 3155 352 3219 quae
380 3136 477 3201 uerba
505 3136 710 3220 interrogaui,
736 3156 799 3218 quo
823 3137 917 3201 modo
946 3135 984 3200 de
1013 3135 1119 3200 fructu
1153 3133 1314 3199 ebrietatis

169 3261 412 3326 agnosceremur
442 3241 616 3320 christiani,
641 3261 719 3322 quos
753 3242 792 3306 de
824 3241 982 3306 fructibus
1014 3241 1144 3326 agnosci
1168 3241 1315 3306 dominus

167 3349 273 3413 iussit.
307 3348 435 3413 adiunxi
466 3348 563 3413 etiam
594 3348 779 3433 legendum,
815 3349 901 3430 quod
937 3348 1099 3430 sequitur:
1139 3348 1314 3412 Fructus

169 3458 303 3520 autem
327 3455 503 3538 spiritus
528 3457 590 3520 est
614 3455 776 3534 caritas,
802 3454 1003 3539 gaudium,
1028 3474 1111 3537 par,
1137 3453 1315 3537 longani-

168 3561 300 3638 mitas,
320 3561 570 3646 benignitas,
590 3561 766 3640 bonitas,
790 3561 910 3639 fides,
929 3559 1210 3638 mansuetudo,
1231 3578 1314 3624 oon-

124 3667 357 3746 retinentia,
391 3666 514 3751 egique,
547 3670 585 3733 ut
617 3668 862 3746 considerarent,
897 3686 992 3751 quam
1025 3670 1112 3732 esset
1133 3666 1316 3749 pudendum

169 3778 263 3855 atque
290 3772 515 3857 plangendum,
540 3773 625 3855 quod
653 3773 691 3838 de
718 3773 784 3838 illis
817 3773 975 3838 fructibus
999 3772 1100 3837 carnis
1124 3791 1186 3837 non
1210 3771 1316 3836 solum

259 3982 294 4038 14
310 3981 410 4038 Matth.
430 3983 454 4047 7,
476 3981 508 4035 16
564 3982 596 4034 17
617 3980 676 4036 Gal.
695 3982 720 4047 5,
742 3982 845 4036 19-21
902 3983 936 4036 27
957 3980 1015 4036 Gal.
1035 3982 1060 4046 ὁ,
1079 3981 1194 4034 22-23.

204 4105 368 4159 2recitasto
389 4107 428 4175 (to
447 4106 479 4160 ire
496 4123 564 4169 roa,
581 4105 744 4173 fuitdo)X
779 4106 847 4160 9ad
865 4123 903 4170 as,
921 4123 955 4160 m.
975 4109 995 4159 2
1014 4105 1049 4158 ad
1061 4105 1156 4159 hasX
1192 4104 1314 4157 llutiis

168 4192 323 4246 nondumne
362 4197 393 4248 15
414 4194 618 4264 cognoscitisX
655 4195 687 4247 16
708 4195 859 4264 appellatos
879 4211 911 4249 err
930 4194 1126 4265 appellatusX
1180 4193 1313 4262 quaesiui]

169 4296 237 4348 quae
257 4280 310 4334 sibi
328 4283 358 4334 X
396 4283 427 4335 17
449 4286 540 4336 essent
558 4283 589 4336 X
624 4282 659 4336 26
678 4281 856 4352 fluctibus,X
897 4281 1317 4353 arlegendum]1egemuex
