<?xml version="1.0" encoding="UTF-8"?>
<!DOCTYPE html PUBLIC "-//W3C//DTD XHTML 1.0 Transitional//EN"
    "http://www.w3.org/TR/xhtml1/DTD/xhtml1-transitional.dtd">
<html xmlns="http://www.w3.org/1999/xhtml" xml:lang="en" lang="en">
 <head>
  <title>
</title>
<meta http-equiv="Content-Type" content="text/html;charset=utf-8" />
  <meta name='ocr-system' content='tesseract 3.04.00' />
  <meta name='ocr-capabilities' content='ocr_page ocr_carea ocr_par ocr_line ocrx_word'/>
</head>
<body>
  <div class='ocr_page' id='page_1' title='image "./corpusscriptoru15wiengoog_0123.png"; bbox 0 0 3142 4992; ppageno 0'>
   <div class='ocr_carea' id='block_1_1' title="bbox 536 351 1325 424">
    <p class='ocr_par' dir='ltr' id='par_1_1' title="bbox 536 351 1325 424">
     <span class='ocr_line' id='line_1_1' title="bbox 536 351 1325 424; baseline 0.008 -18"><span class='ocrx_word' id='word_1_1' title='bbox 536 351 802 424; x_wconf 81' lang='lat' dir='ltr'><strong>epistularum</strong></span> <span class='ocrx_word' id='word_1_2' title='bbox 829 352 969 406; x_wconf 84' lang='lat' dir='ltr'>XXVIIII.</span> <span class='ocrx_word' id='word_1_3' title='bbox 1262 356 1325 420; x_wconf 84' lang='lat'>115</span> 
     </span>
    </p>
   </div>
   <div class='ocr_carea' id='block_1_2' title="bbox 13 547 1342 3829">
    <p class='ocr_par' dir='ltr' id='par_1_2' title="bbox 149 547 1328 1058">
     <span class='ocr_line' id='line_1_2' title="bbox 180 547 1327 635; baseline -0.001 -21"><span class='ocrx_word' id='word_1_4' title='bbox 180 550 334 615; x_wconf 86' lang='lat' dir='ltr'>aduersus</span> <span class='ocrx_word' id='word_1_5' title='bbox 359 547 409 612; x_wconf 92' lang='lat' dir='ltr'>dei</span> <span class='ocrx_word' id='word_1_6' title='bbox 432 550 602 632; x_wconf 86' lang='lat' dir='ltr'>praecepta</span> <span class='ocrx_word' id='word_1_7' title='bbox 624 547 762 613; x_wconf 83' lang='lat' dir='ltr'>rixantes</span> <span class='ocrx_word' id='word_1_8' title='bbox 787 551 820 612; x_wconf 93' lang='grc'>01</span> <span class='ocrx_word' id='word_1_9' title='bbox 842 549 1047 632; x_wconf 89' lang='lat' dir='ltr'>uoluptatum</span> <span class='ocrx_word' id='word_1_10' title='bbox 1071 549 1327 635; x_wconf 87' lang='lat' dir='ltr'>camalinmsor-</span> 
     </span>
     <span class='ocr_line' id='line_1_3' title="bbox 181 654 1328 738; baseline -0.001 -17"><span class='ocrx_word' id='word_1_11' title='bbox 181 656 274 721; x_wconf 89' lang='lat' dir='ltr'>dibus</span> <span class='ocrx_word' id='word_1_12' title='bbox 299 654 399 720; x_wconf 91' lang='lat' dir='ltr'>dediti</span> <span class='ocrx_word' id='word_1_13' title='bbox 423 655 607 720; x_wconf 88' lang='lat' dir='ltr'>erubescere</span> <span class='ocrx_word' id='word_1_14' title='bbox 632 657 830 738; x_wconf 76' lang='lat' dir='ltr'>cogerentur,</span> <span class='ocrx_word' id='word_1_15' title='bbox 847 655 1098 738; x_wconf 87' lang='lat' dir='ltr'>conclusumque</span> <span class='ocrx_word' id='word_1_16' title='bbox 1112 655 1167 734; x_wconf 88' lang='lat' dir='ltr'>ita,</span> <span class='ocrx_word' id='word_1_17' title='bbox 1186 659 1224 720; x_wconf 89' lang='lat' dir='ltr'>ut</span> <span class='ocrx_word' id='word_1_18' title='bbox 1242 655 1328 720; x_wconf 89' lang='lat' dir='ltr'>uidc-</span> 
     </span>
     <span class='ocr_line' id='line_1_4' title="bbox 179 760 1327 846; baseline -0.001 -20"><span class='ocrx_word' id='word_1_19' title='bbox 179 766 259 840; x_wconf 90' lang='lat' dir='ltr'>ront,</span> <span class='ocrx_word' id='word_1_20' title='bbox 293 781 388 845; x_wconf 89' lang='lat' dir='ltr'>quam</span> <span class='ocrx_word' id='word_1_21' title='bbox 422 763 509 826; x_wconf 87' lang='lat' dir='ltr'>osset</span> <span class='ocrx_word' id='word_1_22' title='bbox 541 760 697 826; x_wconf 86' lang='lat' dir='ltr'>nefarium</span> <span class='ocrx_word' id='word_1_23' title='bbox 729 761 812 826; x_wconf 88' lang='lat' dir='ltr'>intra</span> <span class='ocrx_word' id='word_1_24' title='bbox 842 761 995 827; x_wconf 89' lang='lat' dir='ltr'>ecclesiae</span> <span class='ocrx_word' id='word_1_25' title='bbox 1018 761 1155 845; x_wconf 88' lang='lat' dir='ltr'>parietes</span> <span class='ocrx_word' id='word_1_26' title='bbox 1179 762 1212 826; x_wconf 94' lang='lat' dir='ltr'>id</span> <span class='ocrx_word' id='word_1_27' title='bbox 1235 780 1327 846; x_wconf 89' lang='lat' dir='ltr'>agere</span> 
     </span>
     <span class='ocr_line' id='line_1_5' title="bbox 181 866 1327 952; baseline -0.002 -18"><span class='ocrx_word' id='word_1_28' title='bbox 181 869 306 934; x_wconf 91' lang='lat' dir='ltr'>nomino</span> <span class='ocrx_word' id='word_1_29' title='bbox 329 867 505 951; x_wconf 83' lang='lat' dir='ltr'>religionis,</span> <span class='ocrx_word' id='word_1_30' title='bbox 530 867 615 950; x_wconf 89' lang='lat' dir='ltr'>quod</span> <span class='ocrx_word' id='word_1_31' title='bbox 633 867 749 932; x_wconf 84' lang='lat' dir='ltr'>insuia</span> <span class='ocrx_word' id='word_1_32' title='bbox 765 866 914 933; x_wconf 81' lang='lat' dir='ltr'>domibus</span> <span class='ocrx_word' id='word_1_33' title='bbox 929 868 958 932; x_wconf 91' lang='lat' dir='ltr'>si</span> <span class='ocrx_word' id='word_1_34' title='bbox 973 886 1065 952; x_wconf 89' lang='lat' dir='ltr'>agere</span> <span class='ocrx_word' id='word_1_35' title='bbox 1079 870 1327 951; x_wconf 89' lang='lat' dir='ltr'>perseuerarent,</span> 
     </span>
     <span class='ocr_line' id='line_1_6' title="bbox 149 973 1194 1058; baseline -0.003 -16"><span class='ocrx_word' id='word_1_36' title='bbox 149 977 291 1042; x_wconf 80' lang='lat' dir='ltr'>5sancto</span> <span class='ocrx_word' id='word_1_37' title='bbox 316 977 349 1039; x_wconf 92' lang='lat' dir='ltr'>ot</span> <span class='ocrx_word' id='word_1_38' title='bbox 371 973 551 1058; x_wconf 77' lang='lat' dir='ltr'>margaritis</span> <span class='ocrx_word' id='word_1_39' title='bbox 576 973 803 1039; x_wconf 87' lang='lat' dir='ltr'>ecclesiasticis</span> <span class='ocrx_word' id='word_1_40' title='bbox 827 992 882 1038; x_wconf 91' lang='lat' dir='ltr'>eos</span> <span class='ocrx_word' id='word_1_41' title='bbox 906 974 1004 1038; x_wconf 88' lang='lat' dir='ltr'>arceri</span> <span class='ocrx_word' id='word_1_42' title='bbox 1028 977 1194 1057; x_wconf 79' lang='lat' dir='ltr'>oporteret.</span> 
     </span>
    </p>

    <p class='ocr_par' dir='ltr' id='par_1_3' title="bbox 117 1079 1332 1485">
     <span class='ocr_line' id='line_1_7' title="bbox 117 1079 1329 1164; baseline -0.002 -18"><span class='ocrx_word' id='word_1_43' title='bbox 117 1082 136 1146; x_wconf 87' lang='lat'><strong>3</strong></span> <span class='ocrx_word' id='word_1_44' title='bbox 228 1080 289 1146; x_wconf 84' lang='lat' dir='ltr'>Sed</span> <span class='ocrx_word' id='word_1_45' title='bbox 311 1081 390 1146; x_wconf 84' lang='lat' dir='ltr'>hacc</span> <span class='ocrx_word' id='word_1_46' title='bbox 415 1079 562 1163; x_wconf 89' lang='lat' dir='ltr'>quamuis</span> <span class='ocrx_word' id='word_1_47' title='bbox 586 1083 674 1164; x_wconf 90' lang='lat' dir='ltr'>grate</span> <span class='ocrx_word' id='word_1_48' title='bbox 699 1083 830 1163; x_wconf 91' lang='lat' dir='ltr'>accepta</span> <span class='ocrx_word' id='word_1_49' title='bbox 852 1079 980 1158; x_wconf 88' lang='lat' dir='ltr'>fuerint,</span> <span class='ocrx_word' id='word_1_50' title='bbox 1004 1084 1109 1145; x_wconf 90' lang='lat' dir='ltr'>tamen</span> <span class='ocrx_word' id='word_1_51' title='bbox 1139 1080 1214 1163; x_wconf 92' lang='lat' dir='ltr'>quia</span> <span class='ocrx_word' id='word_1_52' title='bbox 1235 1081 1329 1164; x_wconf 92' lang='lat' dir='ltr'>pauci</span> 
     </span>
     <span class='ocr_line' id='line_1_8' title="bbox 183 1187 1331 1272; baseline 0 -19"><span class='ocrx_word' id='word_1_53' title='bbox 183 1191 407 1266; x_wconf 87' lang='lat' dir='ltr'>conuenerant,</span> <span class='ocrx_word' id='word_1_54' title='bbox 431 1205 493 1252; x_wconf 91' lang='lat' dir='ltr'>non</span> <span class='ocrx_word' id='word_1_55' title='bbox 517 1189 584 1252; x_wconf 88' lang='lat' dir='ltr'>erat</span> <span class='ocrx_word' id='word_1_56' title='bbox 608 1187 809 1252; x_wconf 89' lang='lat' dir='ltr'>satisfactum</span> <span class='ocrx_word' id='word_1_57' title='bbox 832 1190 920 1252; x_wconf 91' lang='lat' dir='ltr'>tanto</span> <span class='ocrx_word' id='word_1_58' title='bbox 948 1187 1086 1272; x_wconf 86' lang='lat' dir='ltr'>negotio.</span> <span class='ocrx_word' id='word_1_59' title='bbox 1132 1187 1194 1252; x_wconf 89' lang='lat' dir='ltr'>iste</span> <span class='ocrx_word' id='word_1_60' title='bbox 1223 1192 1331 1253; x_wconf 87' lang='lat' dir='ltr'>autem</span> 
     </span>
     <span class='ocr_line' id='line_1_9' title="bbox 183 1293 1331 1376; baseline -0.002 -16"><span class='ocrx_word' id='word_1_61' title='bbox 183 1312 287 1360; x_wconf 93' lang='lat' dir='ltr'>sermo</span> <span class='ocrx_word' id='word_1_62' title='bbox 321 1313 394 1358; x_wconf 87' lang='lat' dir='ltr'>cunr</span> <span class='ocrx_word' id='word_1_63' title='bbox 427 1293 464 1358; x_wconf 92' lang='lat' dir='ltr'>ab</span> <span class='ocrx_word' id='word_1_64' title='bbox 499 1293 556 1372; x_wconf 89' lang='lat' dir='ltr'>eis,</span> <span class='ocrx_word' id='word_1_65' title='bbox 586 1293 640 1376; x_wconf 91' lang='lat' dir='ltr'>qui</span> <span class='ocrx_word' id='word_1_66' title='bbox 673 1293 814 1370; x_wconf 87' lang='lat' dir='ltr'>adorant,</span> <span class='ocrx_word' id='word_1_67' title='bbox 842 1313 899 1376; x_wconf 94' lang='lat' dir='ltr'>pro</span> <span class='ocrx_word' id='word_1_68' title='bbox 932 1294 1087 1376; x_wconf 89' lang='lat' dir='ltr'>cuiusque</span> <span class='ocrx_word' id='word_1_69' title='bbox 1115 1294 1267 1359; x_wconf 89' lang='lat' dir='ltr'>facultate</span> <span class='ocrx_word' id='word_1_70' title='bbox 1294 1313 1331 1358; x_wconf 87' lang='lat' dir='ltr'>ac</span> 
     </span>
     <span class='ocr_line' id='line_1_10' title="bbox 183 1399 1332 1485; baseline -0.001 -20"><span class='ocrx_word' id='word_1_71' title='bbox 183 1399 290 1465; x_wconf 89' lang='lat' dir='ltr'>studio</span> <span class='ocrx_word' id='word_1_72' title='bbox 313 1400 391 1465; x_wconf 87' lang='lat' dir='ltr'>foris</span> <span class='ocrx_word' id='word_1_73' title='bbox 415 1400 633 1480; x_wconf 84' lang='lat' dir='ltr'>uentilaretur,</span> <span class='ocrx_word' id='word_1_74' title='bbox 657 1401 777 1466; x_wconf 88' lang='lat' dir='ltr'>multos</span> <span class='ocrx_word' id='word_1_75' title='bbox 800 1399 914 1465; x_wconf 87' lang='lat' dir='ltr'>habuit</span> <span class='ocrx_word' id='word_1_76' title='bbox 937 1400 1196 1467; x_wconf 84' lang='lat' dir='ltr'>contradictores.</span> <span class='ocrx_word' id='word_1_77' title='bbox 1219 1403 1332 1485; x_wconf 89' lang='lat' dir='ltr'>postea</span> 
     </span>
    </p>

    <p class='ocr_par' dir='ltr' id='par_1_4' title="bbox 139 1505 1334 2017">
     <span class='ocr_line' id='line_1_11' title="bbox 139 1505 1331 1591; baseline 0 -20"><span class='ocrx_word' id='word_1_78' title='bbox 139 1525 259 1572; x_wconf 78' lang='lat' dir='ltr'>mucro</span> <span class='ocrx_word' id='word_1_79' title='bbox 284 1525 379 1590; x_wconf 90' lang='lat' dir='ltr'>quarn</span> <span class='ocrx_word' id='word_1_80' title='bbox 404 1506 471 1572; x_wconf 86' lang='lat' dir='ltr'>dics</span> <span class='ocrx_word' id='word_1_81' title='bbox 501 1505 762 1591; x_wconf 87' lang='lat' dir='ltr'>quadragesimae</span> <span class='ocrx_word' id='word_1_82' title='bbox 791 1507 962 1573; x_wconf 83' lang='lat' dir='ltr'>inluxisset</span> <span class='ocrx_word' id='word_1_83' title='bbox 989 1510 1022 1572; x_wconf 92' lang='grc'>01</span> <span class='ocrx_word' id='word_1_84' title='bbox 1048 1507 1196 1591; x_wconf 88' lang='lat' dir='ltr'>frequens</span> <span class='ocrx_word' id='word_1_85' title='bbox 1224 1507 1331 1572; x_wconf 89' lang='lat' dir='ltr'>multi·</span> 
     </span>
     <span class='ocr_line' id='line_1_12' title="bbox 184 1613 1333 1694; baseline -0.001 -15"><span class='ocrx_word' id='word_1_86' title='bbox 184 1614 262 1679; x_wconf 89' lang='lat' dir='ltr'>tudo</span> <span class='ocrx_word' id='word_1_87' title='bbox 287 1613 326 1677; x_wconf 88' lang='lat' dir='ltr'>ad</span> <span class='ocrx_word' id='word_1_88' title='bbox 349 1614 460 1678; x_wconf 89' lang='lat' dir='ltr'>horam</span> <span class='ocrx_word' id='word_1_89' title='bbox 483 1613 684 1680; x_wconf 81' lang='lat' dir='ltr'>tractationis</span> <span class='ocrx_word' id='word_1_90' title='bbox 708 1614 856 1694; x_wconf 89' lang='lat' dir='ltr'>occurrit,</span> <span class='ocrx_word' id='word_1_91' title='bbox 880 1614 1001 1679; x_wconf 88' lang='lat' dir='ltr'>lectum</span> <span class='ocrx_word' id='word_1_92' title='bbox 1021 1618 1072 1679; x_wconf 89' lang='grc'>011</span> <span class='ocrx_word' id='word_1_93' title='bbox 1087 1614 1170 1679; x_wconf 92' lang='lat' dir='ltr'>illud</span> <span class='ocrx_word' id='word_1_94' title='bbox 1187 1614 1221 1678; x_wconf 92' lang='lat' dir='ltr'>in</span> <span class='ocrx_word' id='word_1_95' title='bbox 1240 1633 1333 1679; x_wconf 88' lang='lat' dir='ltr'>euan-</span> 
     </span>
     <span class='ocr_line' id='line_1_13' title="bbox 185 1719 1333 1811; baseline 0.002 -28"><span class='ocrx_word' id='word_1_96' title='bbox 185 1719 280 1804; x_wconf 88' lang='lat' dir='ltr'>gelio,</span> <span class='ocrx_word' id='word_1_97' title='bbox 304 1719 363 1811; x_wconf 81' lang='lat' dir='ltr'>ubi</span> <span class='ocrx_word' id='word_1_98' title='bbox 384 1719 532 1786; x_wconf 91' lang='lat' dir='ltr'>domiuus</span> <span class='ocrx_word' id='word_1_99' title='bbox 552 1719 590 1784; x_wconf 87' lang='lat' dir='ltr'>de</span> <span class='ocrx_word' id='word_1_100' title='bbox 605 1720 726 1803; x_wconf 89' lang='lat' dir='ltr'>templo</span> <span class='ocrx_word' id='word_1_101' title='bbox 746 1720 888 1804; x_wconf 91' lang='lat' dir='ltr'>expulsis</span> <span class='ocrx_word' id='word_1_102' title='bbox 907 1719 1127 1786; x_wconf 85' lang='lat' dir='ltr'>uenditoribus</span> <span class='ocrx_word' id='word_1_103' title='bbox 1147 1720 1333 1786; x_wconf 88' lang='lat' dir='ltr'>animalium</span> 
     </span>
     <span class='ocr_line' id='line_1_14' title="bbox 186 1826 1334 1911; baseline 0.001 -20"><span class='ocrx_word' id='word_1_104' title='bbox 186 1831 219 1891; x_wconf 89' lang='lat' dir='ltr'>ct</span> <span class='ocrx_word' id='word_1_105' title='bbox 251 1826 371 1892; x_wconf 86' lang='lat' dir='ltr'>euersis</span> <span class='ocrx_word' id='word_1_106' title='bbox 404 1827 523 1892; x_wconf 86' lang='lat' dir='ltr'>mensis</span> <span class='ocrx_word' id='word_1_107' title='bbox 556 1827 843 1893; x_wconf 85' lang='lat' dir='ltr'>nummulariorum</span> <span class='ocrx_word' id='word_1_108' title='bbox 878 1828 957 1893; x_wconf 82' lang='lat' dir='ltr'>dixit</span> <span class='ocrx_word' id='word_1_109' title='bbox 988 1827 1119 1894; x_wconf 87' lang='lat' dir='ltr'>domurn</span> <span class='ocrx_word' id='word_1_110' title='bbox 1149 1827 1250 1911; x_wconf 90' lang='lat' dir='ltr'>patris</span> <span class='ocrx_word' id='word_1_111' title='bbox 1283 1829 1334 1893; x_wconf 93' lang='lat' dir='ltr'>sui</span> 
     </span>
     <span class='ocr_line' id='line_1_15' title="bbox 186 1932 1334 2017; baseline 0.002 -21"><span class='ocrx_word' id='word_1_112' title='bbox 186 1951 242 2017; x_wconf 88' lang='lat' dir='ltr'>pro</span> <span class='ocrx_word' id='word_1_113' title='bbox 267 1932 361 1998; x_wconf 91' lang='lat' dir='ltr'>domo</span> <span class='ocrx_word' id='word_1_114' title='bbox 387 1934 567 2000; x_wconf 86' lang='lat' dir='ltr'>orationum</span> <span class='ocrx_word' id='word_1_115' title='bbox 595 1935 781 2016; x_wconf 86' lang='lat' dir='ltr'>speluncam</span> <span class='ocrx_word' id='word_1_116' title='bbox 809 1935 969 1999; x_wconf 91' lang='lat' dir='ltr'>latronum</span> <span class='ocrx_word' id='word_1_117' title='bbox 999 1953 1070 2000; x_wconf 88' lang='grc'><strong>0110</strong></span> <span class='ocrx_word' id='word_1_118' title='bbox 1097 1934 1226 2002; x_wconf 85' lang='lat' dir='ltr'>factam.</span> <span class='ocrx_word' id='word_1_119' title='bbox 1250 1934 1334 2017; x_wconf 93' lang='lat' dir='ltr'>quod</span> 
     </span>
    </p>

    <p class='ocr_par' dir='ltr' id='par_1_5' title="bbox 145 2038 1338 2548">
     <span class='ocr_line' id='line_1_16' title="bbox 145 2038 1335 2125; baseline 0.003 -21"><span class='ocrx_word' id='word_1_120' title='bbox 145 2055 170 2094; x_wconf 84' lang='lat'>1⁵</span> <span class='ocrx_word' id='word_1_121' title='bbox 189 2038 377 2122; x_wconf 88' lang='lat' dir='ltr'>capitulum,</span> <span class='ocrx_word' id='word_1_122' title='bbox 403 2059 476 2106; x_wconf 92' lang='lat' dir='ltr'>oum</span> <span class='ocrx_word' id='word_1_123' title='bbox 501 2059 556 2106; x_wconf 85' lang='grc'>001</span> <span class='ocrx_word' id='word_1_124' title='bbox 579 2040 721 2106; x_wconf 86' lang='lat' dir='ltr'>intentos</span> <span class='ocrx_word' id='word_1_125' title='bbox 745 2042 910 2124; x_wconf 87' lang='lat' dir='ltr'>proposita</span> <span class='ocrx_word' id='word_1_126' title='bbox 932 2041 1129 2106; x_wconf 88' lang='lat' dir='ltr'>uinulentiae</span> <span class='ocrx_word' id='word_1_127' title='bbox 1150 2042 1335 2125; x_wconf 84' lang='lat' dir='ltr'>quaestione</span> 
     </span>
     <span class='ocr_line' id='line_1_17' title="bbox 187 2145 1336 2231; baseline 0 -21"><span class='ocrx_word' id='word_1_128' title='bbox 187 2145 260 2223; x_wconf 89' lang='lat' dir='ltr'>feci,</span> <span class='ocrx_word' id='word_1_129' title='bbox 289 2149 321 2210; x_wconf 89' lang='lat' dir='ltr'>et</span> <span class='ocrx_word' id='word_1_130' title='bbox 348 2145 417 2228; x_wconf 89' lang='lat' dir='ltr'>ipsc</span> <span class='ocrx_word' id='word_1_131' title='bbox 447 2165 572 2229; x_wconf 90' lang='lat' dir='ltr'>qnoque</span> <span class='ocrx_word' id='word_1_132' title='bbox 600 2147 735 2211; x_wconf 87' lang='lat' dir='ltr'>recitaui</span> <span class='ocrx_word' id='word_1_133' title='bbox 764 2148 955 2231; x_wconf 90' lang='lat' dir='ltr'>adiunxique</span> <span class='ocrx_word' id='word_1_134' title='bbox 984 2147 1244 2230; x_wconf 87' lang='lat' dir='ltr'>disputationem,</span> <span class='ocrx_word' id='word_1_135' title='bbox 1273 2165 1336 2230; x_wconf 90' lang='lat' dir='ltr'>qua</span> 
     </span>
     <span class='ocr_line' id='line_1_18' title="bbox 189 2251 1338 2334; baseline 0 -18"><span class='ocrx_word' id='word_1_136' title='bbox 189 2251 401 2330; x_wconf 87' lang='lat' dir='ltr'>ostenderem,</span> <span class='ocrx_word' id='word_1_137' title='bbox 420 2255 537 2334; x_wconf 91' lang='lat' dir='ltr'>quanto</span> <span class='ocrx_word' id='word_1_138' title='bbox 558 2254 749 2318; x_wconf 91' lang='lat' dir='ltr'>commotius</span> <span class='ocrx_word' id='word_1_139' title='bbox 770 2257 803 2318; x_wconf 89' lang='lat' dir='ltr'>ct</span> <span class='ocrx_word' id='word_1_140' title='bbox 820 2255 1043 2319; x_wconf 86' lang='lat' dir='ltr'>uehementius</span> <span class='ocrx_word' id='word_1_141' title='bbox 1064 2254 1210 2319; x_wconf 80' lang='lat' dir='ltr'>dommus</span> <span class='ocrx_word' id='word_1_142' title='bbox 1229 2256 1338 2319; x_wconf 88' lang='lat' dir='ltr'>noster</span> 
     </span>
     <span class='ocr_line' id='line_1_19' title="bbox 189 2357 1336 2444; baseline -0.001 -20"><span class='ocrx_word' id='word_1_143' title='bbox 189 2358 313 2424; x_wconf 88' lang='lat' dir='ltr'>ebriosa</span> <span class='ocrx_word' id='word_1_144' title='bbox 336 2357 494 2437; x_wconf 89' lang='lat' dir='ltr'>conuiuia,</span> <span class='ocrx_word' id='word_1_145' title='bbox 520 2378 598 2442; x_wconf 90' lang='lat' dir='ltr'>quae</span> <span class='ocrx_word' id='word_1_146' title='bbox 626 2359 744 2442; x_wconf 90' lang='lat' dir='ltr'>ubique</span> <span class='ocrx_word' id='word_1_147' title='bbox 774 2363 850 2425; x_wconf 88' lang='lat' dir='ltr'>sunt</span> <span class='ocrx_word' id='word_1_148' title='bbox 876 2361 992 2444; x_wconf 84' lang='lat' dir='ltr'>turpia,</span> <span class='ocrx_word' id='word_1_149' title='bbox 1017 2361 1056 2426; x_wconf 88' lang='lat' dir='ltr'>de</span> <span class='ocrx_word' id='word_1_150' title='bbox 1084 2361 1204 2444; x_wconf 89' lang='lat' dir='ltr'>templo</span> <span class='ocrx_word' id='word_1_151' title='bbox 1234 2360 1336 2443; x_wconf 88' lang='lat' dir='ltr'>expel-</span> 
     </span>
     <span class='ocr_line' id='line_1_20' title="bbox 188 2464 1336 2548; baseline 0.003 -20"><span class='ocrx_word' id='word_1_152' title='bbox 188 2465 278 2542; x_wconf 87' lang='lat' dir='ltr'>leret,</span> <span class='ocrx_word' id='word_1_153' title='bbox 307 2464 390 2529; x_wconf 89' lang='lat' dir='ltr'>unde</span> <span class='ocrx_word' id='word_1_154' title='bbox 420 2464 466 2530; x_wconf 89' lang='lat' dir='ltr'>sic</span> <span class='ocrx_word' id='word_1_155' title='bbox 495 2465 617 2548; x_wconf 90' lang='lat' dir='ltr'>expulit</span> <span class='ocrx_word' id='word_1_156' title='bbox 645 2485 799 2532; x_wconf 88' lang='lat' dir='ltr'>concessa</span> <span class='ocrx_word' id='word_1_157' title='bbox 826 2468 1027 2547; x_wconf 91' lang='lat' dir='ltr'>commercia,</span> <span class='ocrx_word' id='word_1_158' title='bbox 1057 2488 1130 2533; x_wconf 92' lang='lat' dir='ltr'>cum</span> <span class='ocrx_word' id='word_1_159' title='bbox 1158 2487 1196 2532; x_wconf 86' lang='lat' dir='ltr'>ea</span> <span class='ocrx_word' id='word_1_160' title='bbox 1222 2467 1336 2532; x_wconf 87' lang='lat' dir='ltr'>uende-</span> 
     </span>
    </p>

    <p class='ocr_par' dir='ltr' id='par_1_6' title="bbox 144 2571 1337 2852">
     <span class='ocr_line' id='line_1_21' title="bbox 144 2571 1336 2655; baseline 0.002 -21"><span class='ocrx_word' id='word_1_161' title='bbox 144 2571 682 2653; x_wconf 73' lang='grc'><strong>00101111,111011011101111110</strong></span> <span class='ocrx_word' id='word_1_162' title='bbox 711 2576 854 2655; x_wconf 87' lang='lat' dir='ltr'>ternpore</span> <span class='ocrx_word' id='word_1_163' title='bbox 883 2575 982 2640; x_wconf 89' lang='lat' dir='ltr'>licitis</span> <span class='ocrx_word' id='word_1_164' title='bbox 1011 2578 1120 2639; x_wconf 88' lang='lat' dir='ltr'>essent</span> <span class='ocrx_word' id='word_1_165' title='bbox 1147 2573 1336 2651; x_wconf 85' lang='lat' dir='ltr'>necessaria,</span> 
     </span>
     <span class='ocr_line' id='line_1_22' title="bbox 191 2660 1337 2763; baseline 0.003 -23"><span class='ocrx_word' id='word_1_166' title='bbox 191 2694 344 2757; x_wconf 88' lang='lat' dir='ltr'>quaereus</span> <span class='ocrx_word' id='word_1_167' title='bbox 368 2676 407 2741; x_wconf 91' lang='lat' dir='ltr'>ab</span> <span class='ocrx_word' id='word_1_168' title='bbox 432 2676 488 2756; x_wconf 91' lang='lat' dir='ltr'>eis,</span> <span class='ocrx_word' id='word_1_169' title='bbox 514 2677 630 2758; x_wconf 92' lang='lat' dir='ltr'>quibus</span> <span class='ocrx_word' id='word_1_170' title='bbox 654 2660 841 2743; x_wconf 87' lang='lat' dir='ltr'>similiorem</span> <span class='ocrx_word' id='word_1_171' title='bbox 865 2682 1014 2763; x_wconf 90' lang='lat' dir='ltr'>putarent</span> <span class='ocrx_word' id='word_1_172' title='bbox 1037 2682 1221 2763; x_wconf 89' lang='lat' dir='ltr'>speluncam</span> <span class='ocrx_word' id='word_1_173' title='bbox 1243 2680 1337 2744; x_wconf 89' lang='lat' dir='ltr'>latro-</span> 
     </span>
     <span class='ocr_line' id='line_1_23' title="bbox 189 2783 1209 2852; baseline 0.006 -6"><span class='ocrx_word' id='word_1_174' title='bbox 189 2802 267 2846; x_wconf 91' lang='lat' dir='ltr'>num</span> <span class='ocrx_word' id='word_1_175' title='bbox 290 2783 470 2848; x_wconf 87' lang='lat' dir='ltr'>necessaria</span> <span class='ocrx_word' id='word_1_176' title='bbox 493 2784 706 2850; x_wconf 88' lang='lat' dir='ltr'>uendentibus</span> <span class='ocrx_word' id='word_1_177' title='bbox 731 2805 770 2850; x_wconf 91' lang='lat' dir='ltr'>an</span> <span class='ocrx_word' id='word_1_178' title='bbox 794 2785 992 2852; x_wconf 89' lang='lat' dir='ltr'>inmoderate</span> <span class='ocrx_word' id='word_1_179' title='bbox 1015 2787 1209 2852; x_wconf 90' lang='lat' dir='ltr'>bibentibus.</span> 
     </span>
    </p>

    <p class='ocr_par' dir='ltr' id='par_1_7' title="bbox 13 2843 1339 3084">
     <span class='ocr_line' id='line_1_24' title="bbox 125 2889 1339 2979; baseline 0.005 -26.493"><span class='ocrx_word' id='word_1_180' title='bbox 125 2889 145 2952; x_wconf 87' lang='lat'>4</span> <span class='ocrx_word' id='word_1_181' title='bbox 235 2889 276 2953; x_wconf 82' lang='lat' dir='ltr'>Et</span> <span class='ocrx_word' id='word_1_182' title='bbox 304 2889 455 2971; x_wconf 88' lang='lat' dir='ltr'>quoniam</span> <span class='ocrx_word' id='word_1_183' title='bbox 483 2891 564 2955; x_wconf 90' lang='lat' dir='ltr'>mihi</span> <span class='ocrx_word' id='word_1_184' title='bbox 591 2897 796 2975; x_wconf 85' lang='lat' dir='ltr'>praeparatae</span> <span class='ocrx_word' id='word_1_185' title='bbox 822 2893 978 2958; x_wconf 86' lang='lat' dir='ltr'>lectiones</span> <span class='ocrx_word' id='word_1_186' title='bbox 1007 2895 1226 2979; x_wconf 86' lang='lat' dir='ltr'>suggerendae</span> <span class='ocrx_word' id='word_1_187' title='bbox 1253 2896 1339 2958; x_wconf 89' lang='lat' dir='ltr'>tenc-</span> 
     </span>
     <span class='ocr_line' id='line_1_25' title="bbox 13 2995 1339 3084; baseline 0.006 -28"><span class='ocrx_word' id='word_1_188' title='bbox 13 3001 14 3012; x_wconf 59' lang='lat'><em>*</em></span> <span class='ocrx_word' id='word_1_189' title='bbox 190 2995 317 3072; x_wconf 88' lang='lat' dir='ltr'>bantur,</span> <span class='ocrx_word' id='word_1_190' title='bbox 351 2995 478 3060; x_wconf 90' lang='lat' dir='ltr'>adiunxi</span> <span class='ocrx_word' id='word_1_191' title='bbox 511 2997 624 3062; x_wconf 86' lang='lat' dir='ltr'>deiude</span> <span class='ocrx_word' id='word_1_192' title='bbox 656 2998 765 3080; x_wconf 90' lang='lat' dir='ltr'>ipsum</span> <span class='ocrx_word' id='word_1_193' title='bbox 793 2999 897 3064; x_wconf 91' lang='lat' dir='ltr'>adhuc</span> <span class='ocrx_word' id='word_1_194' title='bbox 928 3001 1086 3065; x_wconf 89' lang='lat' dir='ltr'>carnalem</span> <span class='ocrx_word' id='word_1_195' title='bbox 1109 3002 1265 3084; x_wconf 90' lang='lat' dir='ltr'>populum</span> <span class='ocrx_word' id='word_1_196' title='bbox 1288 3002 1339 3064; x_wconf 91' lang='lat' dir='ltr'>Iu-</span> 
     </span>
    </p>

    <p class='ocr_par' dir='ltr' id='par_1_8' title="bbox 146 3101 1341 3617">
     <span class='ocr_line' id='line_1_26' title="bbox 146 3101 1340 3192; baseline 0.008 -32"><span class='ocrx_word' id='word_1_197' title='bbox 146 3119 173 3160; x_wconf 77' lang='grc'>11</span> <span class='ocrx_word' id='word_1_198' title='bbox 193 3101 342 3166; x_wconf 89' lang='lat' dir='ltr'>daeomm</span> <span class='ocrx_word' id='word_1_199' title='bbox 364 3101 397 3165; x_wconf 93' lang='lat' dir='ltr'>iu</span> <span class='ocrx_word' id='word_1_200' title='bbox 421 3102 478 3167; x_wconf 93' lang='lat' dir='ltr'>illo</span> <span class='ocrx_word' id='word_1_201' title='bbox 498 3105 629 3187; x_wconf 89' lang='lat' dir='ltr'>templo,</span> <span class='ocrx_word' id='word_1_202' title='bbox 649 3105 705 3170; x_wconf 92' lang='lat' dir='ltr'>ubi</span> <span class='ocrx_word' id='word_1_203' title='bbox 724 3105 864 3169; x_wconf 92' lang='lat' dir='ltr'>nondum</span> <span class='ocrx_word' id='word_1_204' title='bbox 884 3125 998 3190; x_wconf 91' lang='lat' dir='ltr'>corpus</span> <span class='ocrx_word' id='word_1_205' title='bbox 1019 3110 1052 3172; x_wconf 89' lang='lat' dir='ltr'>et</span> <span class='ocrx_word' id='word_1_206' title='bbox 1070 3107 1202 3192; x_wconf 88' lang='lat' dir='ltr'>sanguis</span> <span class='ocrx_word' id='word_1_207' title='bbox 1221 3107 1340 3172; x_wconf 93' lang='lat' dir='ltr'>domini</span> 
     </span>
     <span class='ocr_line' id='line_1_27' title="bbox 193 3206 1340 3297; baseline 0.008 -28"><span class='ocrx_word' id='word_1_208' title='bbox 193 3206 391 3286; x_wconf 87' lang='lat' dir='ltr'>offerebatur,</span> <span class='ocrx_word' id='word_1_209' title='bbox 415 3227 478 3273; x_wconf 94' lang='lat' dir='ltr'>non</span> <span class='ocrx_word' id='word_1_210' title='bbox 502 3211 608 3276; x_wconf 92' lang='lat' dir='ltr'>solum</span> <span class='ocrx_word' id='word_1_211' title='bbox 631 3211 799 3276; x_wconf 87' lang='lat' dir='ltr'>uinuleuta</span> <span class='ocrx_word' id='word_1_212' title='bbox 822 3212 879 3277; x_wconf 89' lang='lat' dir='ltr'>sed</span> <span class='ocrx_word' id='word_1_213' title='bbox 902 3232 961 3278; x_wconf 92' lang='lat' dir='ltr'>nec</span> <span class='ocrx_word' id='word_1_214' title='bbox 984 3212 1089 3280; x_wconf 92' lang='lat' dir='ltr'>sobria</span> <span class='ocrx_word' id='word_1_215' title='bbox 1113 3213 1241 3297; x_wconf 89' lang='lat' dir='ltr'>quidem</span> <span class='ocrx_word' id='word_1_216' title='bbox 1272 3233 1340 3278; x_wconf 92' lang='lat' dir='ltr'>um-</span> 
     </span>
     <span class='ocr_line' id='line_1_28' title="bbox 192 3313 1340 3404; baseline 0.007 -28"><span class='ocrx_word' id='word_1_217' title='bbox 192 3332 287 3394; x_wconf 88' lang='lat' dir='ltr'>quam</span> <span class='ocrx_word' id='word_1_218' title='bbox 320 3313 497 3381; x_wconf 87' lang='lat' dir='ltr'>celebrasse</span> <span class='ocrx_word' id='word_1_219' title='bbox 531 3317 680 3381; x_wconf 90' lang='lat' dir='ltr'>conuiuia</span> <span class='ocrx_word' id='word_1_220' title='bbox 702 3337 760 3382; x_wconf 88' lang='lat' dir='ltr'>noc</span> <span class='ocrx_word' id='word_1_221' title='bbox 786 3337 841 3383; x_wconf 93' lang='grc'>001</span> <span class='ocrx_word' id='word_1_222' title='bbox 865 3319 993 3403; x_wconf 91' lang='lat' dir='ltr'>publice</span> <span class='ocrx_word' id='word_1_223' title='bbox 1017 3320 1181 3404; x_wconf 88' lang='lat' dir='ltr'>religionis</span> <span class='ocrx_word' id='word_1_224' title='bbox 1213 3321 1340 3385; x_wconf 89' lang='lat' dir='ltr'>nomine</span> 
     </span>
     <span class='ocr_line' id='line_1_29' title="bbox 192 3417 1339 3503; baseline 0.01 -23"><span class='ocrx_word' id='word_1_225' title='bbox 192 3417 365 3485; x_wconf 89' lang='lat' dir='ltr'>inebriatos</span> <span class='ocrx_word' id='word_1_226' title='bbox 388 3421 525 3486; x_wconf 88' lang='lat' dir='ltr'>inueniri</span> <span class='ocrx_word' id='word_1_227' title='bbox 548 3422 581 3487; x_wconf 91' lang='lat' dir='ltr'>in</span> <span class='ocrx_word' id='word_1_228' title='bbox 605 3424 749 3503; x_wconf 91' lang='lat' dir='ltr'>historia,</span> <span class='ocrx_word' id='word_1_229' title='bbox 774 3425 837 3490; x_wconf 91' lang='lat' dir='ltr'>nisi</span> <span class='ocrx_word' id='word_1_230' title='bbox 861 3445 934 3490; x_wconf 90' lang='lat' dir='ltr'>cum</span> <span class='ocrx_word' id='word_1_231' title='bbox 962 3425 1046 3492; x_wconf 89' lang='lat' dir='ltr'>festa</span> <span class='ocrx_word' id='word_1_232' title='bbox 1073 3426 1226 3492; x_wconf 82' lang='lat' dir='ltr'>fabricato</span> <span class='ocrx_word' id='word_1_233' title='bbox 1254 3426 1339 3492; x_wconf 95' lang='lat' dir='ltr'>idolo</span> 
     </span>
     <span class='ocr_line' id='line_1_30' title="bbox 194 3525 1341 3617; baseline 0.009 -29"><span class='ocrx_word' id='word_1_234' title='bbox 194 3525 385 3591; x_wconf 78' lang='lat' dir='ltr'>exoluerunt.</span> <span class='ocrx_word' id='word_1_235' title='bbox 401 3546 482 3609; x_wconf 90' lang='lat' dir='ltr'>quae</span> <span class='ocrx_word' id='word_1_236' title='bbox 499 3547 572 3593; x_wconf 91' lang='lat' dir='ltr'>cum</span> <span class='ocrx_word' id='word_1_237' title='bbox 589 3529 737 3609; x_wconf 87' lang='lat' dir='ltr'>dicerem,</span> <span class='ocrx_word' id='word_1_238' title='bbox 754 3530 899 3597; x_wconf 87' lang='lat' dir='ltr'>codicem</span> <span class='ocrx_word' id='word_1_239' title='bbox 914 3533 1010 3596; x_wconf 85' lang='lat' dir='ltr'>etiam</span> <span class='ocrx_word' id='word_1_240' title='bbox 1026 3533 1135 3617; x_wconf 86' lang='lat' dir='ltr'>accepi</span> <span class='ocrx_word' id='word_1_241' title='bbox 1154 3537 1186 3598; x_wconf 91' lang='grc'>01</span> <span class='ocrx_word' id='word_1_242' title='bbox 1207 3533 1341 3598; x_wconf 85' lang='grc'><strong>10011011</strong></span> 
     </span>
    </p>

    <p class='ocr_par' dir='ltr' id='par_1_9' title="bbox 150 3631 1342 3829">
     <span class='ocr_line' id='line_1_31' title="bbox 150 3631 1341 3724; baseline 0.011 -31"><span class='ocrx_word' id='word_1_243' title='bbox 150 3653 176 3693; x_wconf 84' lang='grc'>10</span> <span class='ocrx_word' id='word_1_244' title='bbox 193 3633 299 3694; x_wconf 89' lang='lat' dir='ltr'>totum</span> <span class='ocrx_word' id='word_1_245' title='bbox 336 3631 429 3696; x_wconf 91' lang='lat' dir='ltr'>illurn</span> <span class='ocrx_word' id='word_1_246' title='bbox 465 3633 583 3702; x_wconf 91' lang='lat' dir='ltr'>locum.</span> <span class='ocrx_word' id='word_1_247' title='bbox 618 3635 725 3700; x_wconf 91' lang='lat' dir='ltr'>addidi</span> <span class='ocrx_word' id='word_1_248' title='bbox 762 3638 858 3701; x_wconf 88' lang='lat' dir='ltr'>etiam</span> <span class='ocrx_word' id='word_1_249' title='bbox 893 3659 965 3704; x_wconf 91' lang='lat' dir='ltr'>cum</span> <span class='ocrx_word' id='word_1_250' title='bbox 999 3640 1116 3719; x_wconf 89' lang='lat' dir='ltr'>dolore,</span> <span class='ocrx_word' id='word_1_251' title='bbox 1147 3660 1207 3723; x_wconf 91' lang='lat' dir='ltr'>quo</span> <span class='ocrx_word' id='word_1_252' title='bbox 1239 3641 1341 3724; x_wconf 88' lang='lat' dir='ltr'>potui,</span> 
     </span>
     <span class='ocr_line' id='line_1_32' title="bbox 196 3736 1342 3829; baseline 0.011 -30"><span class='ocrx_word' id='word_1_253' title='bbox 196 3736 345 3817; x_wconf 92' lang='lat' dir='ltr'>quoniam</span> <span class='ocrx_word' id='word_1_254' title='bbox 367 3740 533 3821; x_wconf 88' lang='lat' dir='ltr'>apostolus</span> <span class='ocrx_word' id='word_1_255' title='bbox 558 3741 603 3804; x_wconf 91' lang='lat' dir='ltr'>ait</span> <span class='ocrx_word' id='word_1_256' title='bbox 627 3741 665 3806; x_wconf 90' lang='lat' dir='ltr'>ad</span> <span class='ocrx_word' id='word_1_257' title='bbox 690 3743 933 3808; x_wconf 89' lang='lat' dir='ltr'>discernendum</span> <span class='ocrx_word' id='word_1_258' title='bbox 956 3747 1111 3829; x_wconf 90' lang='lat' dir='ltr'>populum</span> <span class='ocrx_word' id='word_1_259' title='bbox 1135 3747 1342 3812; x_wconf 91' lang='lat' dir='ltr'>christianum</span> 
     </span>
    </p>
   </div>
   <div class='ocr_carea' id='block_1_3' title="bbox 286 3945 1178 4018">
    <p class='ocr_par' dir='ltr' id='par_1_10' title="bbox 286 3945 1178 4018">
     <span class='ocr_line' id='line_1_33' title="bbox 286 3945 1178 4018; baseline 0.011 -20"><span class='ocrx_word' id='word_1_260' title='bbox 286 3945 317 4000; x_wconf 91' lang='lat'>11</span> <span class='ocrx_word' id='word_1_261' title='bbox 337 3945 436 4000; x_wconf 77' lang='lat' dir='ltr'>Macco.</span> <span class='ocrx_word' id='word_1_262' title='bbox 455 3946 499 4012; x_wconf 81' lang='lat'>21,</span> <span class='ocrx_word' id='word_1_263' title='bbox 520 3948 624 4002; x_wconf 84' lang='lat'>12-13</span> <span class='ocrx_word' id='word_1_264' title='bbox 679 3949 714 4004; x_wconf 85' lang='lat'>28</span> <span class='ocrx_word' id='word_1_265' title='bbox 734 3951 780 4005; x_wconf 87' lang='lat' dir='ltr'>Ex.</span> <span class='ocrx_word' id='word_1_266' title='bbox 801 3951 844 4015; x_wconf 81' lang='grc'>32,</span> <span class='ocrx_word' id='word_1_267' title='bbox 864 3952 880 4004; x_wconf 88' lang='grc'><strong>6</strong></span> <span class='ocrx_word' id='word_1_268' title='bbox 935 3953 968 4006; x_wconf 90' lang='grc'>31</span> <span class='ocrx_word' id='word_1_269' title='bbox 988 3951 1016 4006; x_wconf 93' lang='lat' dir='ltr'>ll</span> <span class='ocrx_word' id='word_1_270' title='bbox 1035 3951 1095 4009; x_wconf 75' lang='lat' dir='ltr'>(lor.</span> <span class='ocrx_word' id='word_1_271' title='bbox 1115 3955 1141 4018; x_wconf 86' lang='lat'>3,</span> <span class='ocrx_word' id='word_1_272' title='bbox 1160 3955 1178 4008; x_wconf 87' lang='lat'><strong>3</strong></span> 
     </span>
    </p>
   </div>
   <div class='ocr_carea' id='block_1_4' title="bbox 232 4069 1344 4137">
    <p class='ocr_par' dir='ltr' id='par_1_11' title="bbox 232 4069 1344 4137">
     <span class='ocr_line' id='line_1_34' title="bbox 232 4069 1344 4137; baseline 0.012 -17"><span class='ocrx_word' id='word_1_273' title='bbox 232 4069 454 4137; x_wconf 75' lang='lat' dir='ltr'>dperscucraret</span> <span class='ocrx_word' id='word_1_274' title='bbox 472 4071 503 4124; x_wconf 87' lang='lat' dir='ltr'><strong><em>X</em></strong></span> <span class='ocrx_word' id='word_1_275' title='bbox 591 4073 755 4126; x_wconf 85' lang='grc'><strong>51111010</strong></span> <span class='ocrx_word' id='word_1_276' title='bbox 773 4091 801 4127; x_wconf 86' lang='lat' dir='ltr'>m</span> <span class='ocrx_word' id='word_1_277' title='bbox 891 4075 1035 4130; x_wconf 78' lang='lat' dir='ltr'>Itantum</span> <span class='ocrx_word' id='word_1_278' title='bbox 1052 4078 1084 4130; x_wconf 88' lang='lat' dir='ltr'><em>X</em></span> <span class='ocrx_word' id='word_1_279' title='bbox 1173 4079 1204 4132; x_wconf 94' lang='lat' dir='ltr'>ll</span> <span class='ocrx_word' id='word_1_280' title='bbox 1224 4079 1299 4132; x_wconf 90' lang='lat' dir='ltr'>istud</span> <span class='ocrx_word' id='word_1_281' title='bbox 1317 4097 1344 4134; x_wconf 87' lang='lat' dir='ltr'>m</span> 
     </span>
    </p>
   </div>
   <div class='ocr_carea' id='block_1_5' title="bbox 198 4153 1346 4317">
    <p class='ocr_par' dir='ltr' id='par_1_12' title="bbox 198 4153 1346 4317">
     <span class='ocr_line' id='line_1_35' title="bbox 198 4153 1346 4238; baseline 0.013 -31"><span class='ocrx_word' id='word_1_282' title='bbox 198 4153 231 4207; x_wconf 87' lang='lat'>13</span> <span class='ocrx_word' id='word_1_283' title='bbox 250 4154 374 4211; x_wconf 68' lang='lat' dir='ltr'>dsomum</span> <span class='ocrx_word' id='word_1_284' title='bbox 393 4159 424 4212; x_wconf 93' lang='lat' dir='ltr'><em>X</em></span> <span class='ocrx_word' id='word_1_285' title='bbox 496 4160 529 4213; x_wconf 84' lang='lat'>15</span> <span class='ocrx_word' id='word_1_286' title='bbox 548 4160 620 4228; x_wconf 91' lang='lat' dir='ltr'>curu]</span> <span class='ocrx_word' id='word_1_287' title='bbox 638 4160 667 4213; x_wconf 92' lang='lat' dir='ltr'>in</span> <span class='ocrx_word' id='word_1_288' title='bbox 685 4162 717 4214; x_wconf 87' lang='lat' dir='ltr'><em>X</em></span> <span class='ocrx_word' id='word_1_289' title='bbox 788 4163 822 4216; x_wconf 77' lang='lat'>22</span> <span class='ocrx_word' id='word_1_290' title='bbox 842 4162 1000 4217; x_wconf 87' lang='lat' dir='ltr'>uiuentibus</span> <span class='ocrx_word' id='word_1_291' title='bbox 1018 4165 1050 4218; x_wconf 85' lang='lat' dir='ltr'><em>X</em></span> <span class='ocrx_word' id='word_1_292' title='bbox 1119 4165 1155 4220; x_wconf 82' lang='lat'>25</span> <span class='ocrx_word' id='word_1_293' title='bbox 1172 4168 1295 4238; x_wconf 88' lang='lat' dir='ltr'>tempore</span> <span class='ocrx_word' id='word_1_294' title='bbox 1313 4169 1346 4222; x_wconf 90' lang='lat' dir='ltr'><strong><em>X</em></strong></span> 
     </span>
     <span class='ocr_line' id='line_1_36' title="bbox 198 4242 1091 4317; baseline 0.016 -22"><span class='ocrx_word' id='word_1_295' title='bbox 198 4242 232 4296; x_wconf 83' lang='lat'>28</span> <span class='ocrx_word' id='word_1_296' title='bbox 252 4243 313 4297; x_wconf 91' lang='lat' dir='ltr'>dolo</span> <span class='ocrx_word' id='word_1_297' title='bbox 332 4247 364 4300; x_wconf 88' lang='lat' dir='ltr'><em>X</em></span> <span class='ocrx_word' id='word_1_298' title='bbox 381 4252 407 4301; x_wconf 82' lang='lat' dir='ltr'>et</span> <span class='ocrx_word' id='word_1_299' title='bbox 425 4247 483 4302; x_wconf 84' lang='lat' dir='ltr'>cod.</span> <span class='ocrx_word' id='word_1_300' title='bbox 502 4247 717 4317; x_wconf 77' lang='lat' dir='ltr'>Mauriuorum3</span> <span class='ocrx_word' id='word_1_301' title='bbox 735 4249 809 4304; x_wconf 90' lang='lat' dir='ltr'>i&#39;dolo</span> <span class='ocrx_word' id='word_1_302' title='bbox 827 4267 855 4305; x_wconf 85' lang='lat' dir='ltr'>m</span> <span class='ocrx_word' id='word_1_303' title='bbox 908 4253 944 4308; x_wconf 88' lang='grc'>30</span> <span class='ocrx_word' id='word_1_304' title='bbox 963 4253 1041 4308; x_wconf 90' lang='lat' dir='ltr'>addit</span> <span class='ocrx_word' id='word_1_305' title='bbox 1059 4255 1091 4308; x_wconf 91' lang='lat' dir='ltr'><em>X</em></span> 
     </span>
    </p>
   </div>
   <div class='ocr_carea' id='block_1_6' title="bbox 1239 4359 1271 4413">
    <p class='ocr_par' dir='ltr' id='par_1_13' title="bbox 1239 4359 1271 4413">
     <span class='ocr_line' id='line_1_37' title="bbox 1239 4359 1271 4413; baseline 0 -23"><span class='ocrx_word' id='word_1_306' title='bbox 1239 4359 1271 4413; x_wconf 67' lang='grc'>8*</span> 
     </span>
    </p>
   </div>
   <div class='ocr_carea' id='block_1_7' title="bbox 0 0 1602 4992">
    <p class='ocr_par' dir='ltr' id='par_1_14' title="bbox 0 0 1602 4992">
     <span class='ocr_line' id='line_1_38' title="bbox 0 0 1602 4992; baseline 0 0"><span class='ocrx_word' id='word_1_307' title='bbox 0 0 1602 4992; x_wconf 95' lang='lat' dir='ltr'> </span> 
     </span>
    </p>
   </div>
  </div>
 </body>
</html>
