3142 4992
518 359 785 431 epistularum
813 359 953 414 XXVIIII.
1247 364 1307 428 121

165 574 227 637 qua
241 555 390 619 uoluntas
411 553 480 618 eius
499 557 639 638 apparet,
656 574 751 638 quam
764 554 940 631 basilicam,
959 553 992 619 in
1007 573 1070 637 qua
1087 573 1150 620 non
1169 558 1309 638 apparet,

163 661 295 737 intueri3
321 661 493 744 statimque
517 664 647 743 accepto
681 661 791 726 codice
813 661 957 739 recitaui,
981 661 1119 726 ubisit:
1145 659 1310 727 Christo

166 768 268 832 enim
300 787 421 851 passo
454 787 523 850 pro
557 769 675 834 nobis
707 788 777 851 per
815 788 973 834 carnem
1004 772 1043 832 et
1069 787 1141 832 uos
1174 769 1312 833 eadem

166 874 424 958 cogitatione
448 875 669 955 armamini,
694 875 798 958 quia,
823 875 890 958 qui
913 893 1062 958 passus
1095 878 1159 940 est
1182 893 1313 951 carne,

133 979 293 1044 sdesiit
316 999 334 1045 a
358 1000 485 1059 carne,
505 982 644 1046 utiam
667 1001 741 1046 non
765 981 970 1046 bominum
994 980 1218 1046 desideriis
1243 981 1312 1046 sed

165 1087 376 1153 uoluntate
413 1087 478 1152 dei
513 1089 718 1172 reliquum
759 1092 920 1170 tempus
952 1088 991 1152 in
1029 1106 1146 1152 carne
1184 1088 1311 1153 uiuat.

166 1193 334 1258 sufficit
358 1195 462 1258 enim
485 1195 604 1260 uobis
623 1196 895 1278 praeteritum
914 1197 1073 1279 tempus
1092 1195 1311 1259 uoluntate

166 1406 399 1487 desideriis,
425 1408 638 1488 ebrietate,
663 1408 1035 1476 comissationibus
1061 1413 1099 1473 et
1122 1407 1310 1472 nefandis

122 1511 368 1578 roidolorum
401 1514 695 1579 seruitutibus.
721 1515 837 1598 quibus
868 1515 969 1598 gestis
1002 1534 1075 1579 cum
1108 1533 1222 1592 omnes,
1248 1532 1311 1578 uno

165 1619 268 1685 animo
291 1619 323 1684 in
345 1621 462 1685 bonam
484 1622 685 1686 uoluntatem
708 1621 753 1686 ire
777 1625 961 1705 contempta
983 1623 1066 1686 mala
1084 1621 1311 1688 consuetudine

165 1744 334 1805 cernerem,
364 1726 508 1792 hortatus
540 1745 621 1805 sum,
650 1730 687 1793 ut
714 1727 889 1794 meridiano
916 1730 1059 1810 tempore
1084 1726 1200 1791 diuinis
1222 1726 1312 1791 lecti-

165 1831 278 1896 onibus
303 1835 335 1896 et
361 1833 494 1915 psalmis
513 1833 719 1910 interessent3
742 1834 791 1898 ita
812 1834 905 1898 illum
929 1833 1013 1897 diem
1035 1833 1138 1898 multo
1162 1832 1312 1897 mundius

164 1940 259 2020 atque
287 1940 439 2004 sincerius
472 1941 597 2023 placere
630 1940 854 2005 celebrandum
882 1944 915 2005 et
937 1942 1022 2004 certe
1046 1940 1084 2004 de
1107 1939 1312 2004 multitudine

122 2071 146 2113 rs
165 2045 420 2110 conuenientium
461 2046 555 2110 facile
596 2065 691 2130 posse
734 2065 893 2129 apparere,
931 2046 986 2128 qui
1022 2048 1162 2109 mentem
1194 2048 1227 2108 et
1258 2044 1313 2128 qui

164 2154 309 2216 uentrem
333 2154 528 2234 sequeretur.
551 2152 598 2216 ita
624 2152 717 2217 lectis
742 2152 890 2216 omnibus
914 2170 1016 2216 sermo
1040 2151 1228 2216 terminatus
1253 2152 1311 2214 est.

81 2261 118 2324 11
209 2257 431 2323 Pomeridiano
456 2261 564 2323 autem
588 2259 638 2323 die
667 2259 767 2324 maior
795 2278 888 2340 quam
918 2261 991 2322 ante
1018 2257 1184 2322 meridiem
1212 2255 1314 2321 adfuit

164 2364 338 2428 multitudo
363 2369 395 2429 et
417 2384 520 2448 usque
544 2364 584 2429 ad
602 2366 721 2443 horam,
738 2385 801 2448 qua
819 2383 893 2429 oum
911 2365 1060 2447 episcopo
1081 2362 1311 2448 egrederemur,

164 2470 331 2554 legebatur
361 2472 540 2536 alternatim
574 2475 605 2536 et
635 2473 851 2555 psallebatur;
885 2472 1040 2554 nobisque
1078 2470 1216 2554 egressis
1249 2469 1311 2533 duo

121 2607 146 2647 ao
164 2577 280 2658 psalmi
310 2577 387 2643 lecti
419 2581 504 2644 sunt.
537 2578 651 2644 deinde
684 2598 735 2643 me
766 2579 918 2655 inuitum,
952 2578 1007 2662 qui
1042 2577 1106 2642 iam
1145 2575 1312 2658 cupiebam

19 2667 22 2674 ¹
163 2687 328 2765 peractum
352 2704 422 2749 esse
445 2688 511 2749 tam
534 2685 750 2768 periculosum
775 2683 870 2762 diem,
885 2685 1012 2750 iussum
1031 2683 1188 2766 compulit
1205 2701 1310 2760 senex,

165 2791 202 2853 ut
224 2790 344 2871 aliquid
368 2791 413 2856 eis
437 2793 592 2873 loquerer.
617 2791 715 2855 habui
738 2791 869 2881 breuem
893 2809 1083 2869 sermonem,
1108 2809 1170 2873 quo
1194 2787 1334 2873 gratias,

165 2915 292 2979 agerem
316 2896 385 2976 deo,
410 2902 442 2962 et
467 2898 617 2980 quoniam
640 2898 673 2961 in
695 2896 932 2961 baereticorum
950 2895 1084 2960 basilica
1103 2894 1312 2959 audiebamus

166 3002 203 3066 ab
233 3002 278 3068 eis
312 3003 407 3068 solita
439 3003 588 3068 conuiuia
617 3003 786 3080 celebrata,
816 3021 890 3067 cum
919 3002 1023 3066 adbuc
1052 3000 1149 3065 etiam
1177 3020 1213 3066 eo
1240 3001 1310 3082 ipso

120 3141 146 3181 25
165 3111 316 3192 tempore,
342 3129 404 3192 quo
429 3129 446 3174 a
469 3110 560 3175 nobis
588 3111 652 3174 ista
680 3109 881 3194 gerebantur,
908 3108 958 3172 illi
984 3108 1018 3172 in
1045 3107 1171 3189 poculis
1199 3106 1312 3190 perdu-

164 3220 278 3293 rarent,
303 3216 368 3281 diri
391 3216 455 3282 diei
477 3216 750 3300 pulchritudinem
773 3216 878 3280 noctis
910 3214 1145 3296 comparatione
1173 3213 1313 3278 decorari

165 3325 198 3386 et
221 3324 359 3388 colorem
383 3324 553 3389 candidum
585 3323 670 3406 nigri
701 3323 867 3387 uicinitate
896 3322 1075 3406 gratiorem.
1099 3321 1146 3385 ita
1168 3322 1312 3385 nostrum

165 3429 319 3511 spiritalis
358 3431 582 3496 celebrationis
621 3433 815 3496 conuentum
851 3429 959 3493 minus
995 3428 1133 3493 fortasse
1168 3428 1312 3491 futurum

164 3533 264 3600 fuisse
287 3537 476 3616 iucundum,
501 3537 563 3603 uisi
588 3557 624 3602 ex
647 3537 711 3601 alia
733 3539 822 3619 parte
847 3535 981 3600 carnalis
1008 3533 1216 3619 ingurgitatio
1241 3552 1312 3597 oon-

14 3677 15 3734 q
119 3672 146 3712 eo
164 3641 309 3721 ferretur,
324 3643 534 3726 hortatusque
559 3663 641 3723 sum,
661 3646 698 3708 ut
716 3644 798 3708 tales
819 3642 929 3724 epulas
947 3641 1105 3706 instanter
1117 3641 1311 3724 appeterent,

14 3745 16 3828 i
165 3748 193 3814 si
225 3751 422 3834 gustassent,
456 3769 550 3832 quam
586 3751 696 3814 suauis
729 3752 779 3815 est
818 3749 982 3824 dominus;
1010 3747 1076 3811 illis
1105 3750 1212 3811 autem
1241 3764 1311 3810 esse

254 3887 394 3942 21Petr.
414 3890 439 3952 4,
461 3888 529 3942 1-3

201 3996 216 4047 1
237 4010 317 4063 quam
340 3994 483 4048 basilicam
507 3994 535 4046 in
562 4010 615 4063 qua
634 4010 688 4047 non
707 3996 890 4064 apparatam.
909 3997 934 4047 et
951 3992 983 4046 in
1000 4008 1085 4061 marg.
1105 4007 1139 4045 m.
1157 3993 1177 4043 2
1196 3989 1262 4044 add.
1281 3991 1314 4044 X

165 4081 249 4136 3uos
273 4083 377 4152 eadem]
397 4081 508 4136 utedem
526 4084 558 4136 X
629 4083 760 4137 5desi÷it
780 4085 809 4151 (n
827 4082 910 4149 cras)
929 4083 961 4135 X
1032 4081 1097 4133 aia
1113 4095 1170 4134 ros.
1189 4095 1224 4132 m.
1243 4081 1264 4132 2
1282 4079 1314 4131 X

201 4187 289 4236 carne,
308 4171 356 4226 aad
372 4188 418 4224 me
437 4187 517 4240 saper
534 4186 591 4225 ras.
610 4173 728 4226 ra.1X
762 4170 979 4240 8perficisseX
1015 4168 1178 4222 llbonaX
1214 4166 1308 4236 12ορ-

165 4261 240 4312 tatus
259 4260 290 4313 X
344 4261 378 4315 14
396 4261 539 4314 sincerisus
558 4261 588 4314 X
