3142 4992
576 349 843 418 epistularum
872 349 918 402 VI.
947 349 1006 404 VH.
1315 356 1356 418 13

199 543 276 609 inde
310 542 477 626 contingit,
509 547 547 606 nt
581 563 627 620 ea,
662 562 742 624 quae
781 563 895 608 sensus
932 563 994 608 non
1027 545 1126 623 uidet,
1160 545 1215 611 ille
1248 550 1355 611 tamen

201 649 344 732 aspicere
363 649 476 732 possit.
503 650 588 733 quod
608 650 737 736 signum
761 650 866 715 estin
891 670 925 715 se
950 655 982 715 et
1005 671 1023 715 a
1046 671 1080 717 se
1105 653 1221 718 habere
1245 673 1356 718 omnes

199 757 370 841 imagines
410 756 447 820 de
471 757 531 821 hae
554 777 587 821 re
612 776 749 839 qnoque,
774 757 850 839 qnid
874 759 1004 835 sentias,
1029 760 1247 841 respondebis,

745 949 817 1014 VII.

167 1101 180 1139 5
557 1069 736 1128 NEBRIDIO
761 1071 1000 1128 AUGUSTINUS.

102 1176 148 1239 Il
247 1182 413 1248 Prooemio
434 1181 633 1264 supersidam
653 1187 685 1246 et
704 1181 767 1246 oito
786 1181 949 1264 incipiam,
970 1183 1055 1264 quod
1073 1203 1124 1247 me
1143 1183 1207 1247 iam
1226 1185 1354 1268 iamque

198 1291 253 1356 uis
273 1288 387 1368 dicere,
406 1288 596 1371 praesertim
613 1305 675 1354 non
696 1289 759 1352 oito
780 1287 953 1354 desiturus.
977 1290 1130 1354 memoria
1148 1291 1207 1354 tibi
1226 1291 1355 1356 uidetur

199 1399 291 1461 nulla
320 1413 390 1460 esse
418 1413 512 1479 posse
543 1395 611 1460 sine
639 1394 836 1479 imaginibus
860 1398 914 1460 uel
936 1395 1132 1480 imaginariis
1156 1397 1248 1476 uisis,
1273 1417 1353 1481 quae

199 1501 441 1586 phantasiarum
468 1501 596 1566 nomino
625 1501 784 1583 appellare
812 1499 962 1577 uoluisti;
992 1521 1050 1585 ego
1079 1502 1167 1567 aliud
1195 1504 1352 1570 existimo.

152 1637 178 1674 ιο
198 1609 339 1690 primunr
368 1627 444 1693 ergo
472 1608 646 1673 uidendum
676 1611 725 1673 est
752 1627 815 1672 non
843 1627 901 1673 nos
930 1627 1056 1691 semper
1083 1628 1190 1674 rerum
1217 1614 1351 1693 praeter-

199 1716 346 1780 euntium
374 1715 571 1793 meminisse,
602 1715 658 1780 sed
686 1716 874 1798 plerumque
903 1715 1111 1782 manentium.
1149 1736 1245 1798 quare
1278 1736 1351 1781 oum

199 1822 263 1888 sibi
285 1821 439 1888 memoria
461 1821 626 1904 praeteriti
648 1823 802 1904 temporis
825 1821 970 1886 uindioet
992 1821 1207 1902 tenacitatem,
1227 1826 1352 1888 constat

199 1947 270 1992 eam
302 1930 409 1992 tamen
442 1928 558 2009 partim
593 1947 701 1992 eorum
736 1947 817 2006 esse,
852 1946 932 2009 quae
960 1947 1018 1993 nos
1047 1928 1207 2008 deserunt,
1235 1929 1350 2012 partim

198 2053 320 2112 eorum,
346 2053 426 2116 quae
451 2033 640 2099 deseruntur
663 2054 681 2098 a
709 2035 813 2099 nobis.
851 2053 925 2098 nam
953 2053 1027 2098 oum
1055 2036 1203 2100 recordor
1228 2039 1350 2119 patrem

124 2156 177 2211 ἰθ
196 2160 318 2218 meum,
352 2141 386 2204 id
417 2141 529 2223 utique
561 2141 718 2220 reeordor,
753 2141 838 2223 qnod
870 2159 921 2204 me
950 2140 1091 2205 deseruit
1118 2145 1151 2206 et
1177 2161 1261 2207 nuno
1288 2163 1349 2208 non

198 2252 268 2325 est3
307 2268 381 2313 oum
414 2251 521 2314 autem
554 2247 792 2332 Carthaginem,
830 2246 863 2310 id
900 2247 985 2328 quod
1018 2250 1068 2311 est
1099 2251 1130 2312 et
1163 2249 1248 2330 qnod
1279 2250 1348 2332 ipss

197 2353 333 2419 deserui.
355 2355 390 2446 in
409 2358 545 2438 utroquo
563 2357 671 2420 tamen
689 2355 803 2420 horum
825 2373 976 2437 generum
995 2354 1202 2435 praeteritum
1220 2357 1348 2438 tempus

194 2461 350 2526 memoria
368 2464 467 2526 tenet.
492 2481 565 2526 narn
590 2464 622 2526 et
645 2462 738 2526 illum
762 2461 925 2526 hominem
943 2463 976 2524 et
993 2460 1090 2524 istam
1107 2462 1220 2525 urbem
1244 2481 1280 2525 ex
1299 2481 1346 2541 eo,

195 2567 281 2650 quod
306 2568 384 2647 uidi,
409 2587 470 2632 non
495 2589 531 2632 er
555 2587 603 2647 eo,
629 2568 715 2652 quod
737 2568 842 2644 uideo,
866 2567 1006 2631 memini.

122 2673 178 2746 220
240 2675 303 2739 Hie
331 2677 371 2738 tu
404 2674 539 2740 fortasse
574 2675 713 2757 quaeris:
749 2672 907 2752 Quorsum
935 2673 1020 2738 ista?
1053 2674 1239 2756 praesertim
1272 2694 1345 2739 oum

193 2781 429 2846 animaduertes
444 2782 635 2846 utrumlibet
653 2782 767 2846 borum
785 2799 848 2845 non
867 2798 962 2863 posse
980 2780 1013 2843 in
1031 2781 1217 2845 memoriam
1235 2783 1344 2846 uenire

192 2887 256 2952 nisi
279 2887 350 2952 niso
375 2887 430 2952 iilo
453 2888 653 2972 imaginario.
683 2889 716 2952 at
738 2887 817 2951 mihi
841 2887 920 2952 satis
946 2889 995 2951 est
1019 2887 1065 2951 sio
1088 2887 1214 2951 interim
1239 2890 1343 2954 osten·

192 2995 278 3060 disse
301 3013 397 3076 posse
422 2994 485 3059 diei
510 3014 617 3060 earnm
637 2997 734 3060 etiam
751 3014 867 3073 rerum,
888 3012 968 3075 qnae
986 2994 1127 3059 nondum
1144 2994 1343 3074 interierunt,

189 3101 389 3166 memoriam.
415 3121 528 3167 uerum
553 3103 629 3184 quid
652 3122 703 3168 me
728 3101 869 3179 adiuuet,
894 3101 990 3165 facito
1014 3101 1168 3166 intentius
1193 3103 1340 3184 accipias.

227 3309 379 3380 leontigit
397 3310 425 3364 P
512 3310 585 3364 uidit
602 3310 630 3362 P
701 3310 848 3379 2habere]
865 3309 967 3363 habere
985 3310 1079 3363 nidere
1097 3310 1125 3362 P
1195 3311 1339 3380 3quoque

186 3397 253 3450 uide
273 3398 339 3466 qnid
357 3399 385 3451 P
454 3399 631 3469 respondebis
650 3416 703 3454 om.
722 3399 755 3456 L.

278 3520 357 3576 Idem
375 3521 489 3588 codices,
510 3525 557 3592 qai
575 3523 607 3576 io
626 3540 666 3592 ep.
691 3523 718 3577 V
734 3529 759 3577 et
782 3523 833 3579 VI.

224 3645 471 3714 5Iaoor1'pta'oaem
494 3663 545 3700 om.
564 3648 592 3702 R
683 3648 846 3717 augustinus
868 3647 991 3700 nebridio
1011 3645 1076 3699 ῙιΡ1
1100 3647 1159 3701 edd.
1179 3653 1293 3715 praeter
1311 3665 1337 3701 m

221 3733 374 3787 nembridio
389 3735 417 3788 P
465 3736 481 3788 6
494 3737 605 3805 premio,
620 3752 689 3790 corr.
704 3737 825 3807 proemio
839 3736 876 3788 P¹
894 3735 1015 3805 proemio
1030 3734 1084 3790 LR
1102 3735 1199 3803 primo,
1219 3751 1288 3789 corr.
1300 3753 1334 3789 m.

182 3827 217 3875 at
235 3822 293 3877 uid.
313 3826 328 3874 l
346 3825 467 3893 proyrnio
482 3825 510 3878 P
564 3825 768 3879 7desiturasP
838 3825 915 3878 nulla
933 3823 1044 3877 uidetur
1057 3824 1118 3878 edd.
1168 3825 1337 3894 9estimoP

185 3912 220 3964 13
241 3911 335 3965 eddam
355 3913 388 3982 (ti
406 3929 476 3968 eras.
488 3913 514 3982 ?)
530 3913 567 3966 P¹
640 3914 768 3979 deserint,
789 3930 858 3968 corr.
874 3913 1003 3967 deserunt
1015 3911 1054 3965 Ρ1
1106 3915 1138 3967 17
1154 3913 1241 3985 deseri
1251 3939 1280 3964 aa
1296 3916 1335 3980 (ni

182 3999 216 4052 in
234 4015 321 4068 musy.
341 4000 419 4068 add.)
439 4002 477 4054 P¹
569 4002 663 4054 horum
684 4001 791 4072 generis
809 4002 838 4054 P
855 4017 984 4071 generum
1002 4000 1098 4053 borum
1119 4000 1178 4056 edd.
1254 4001 1287 4056 18
1307 4005 1335 4055 et

183 4104 237 4141 om.
257 4088 286 4141 P
357 4092 385 4142 et
402 4090 494 4160 istam]
515 4107 546 4144 ex
563 4091 645 4144 istam
659 4091 687 4143 P
747 4091 848 4154 orbem,
863 4106 931 4146 corr.
946 4089 1041 4142 urbem
1055 4089 1093 4142 Ρ1
1147 4090 1183 4143 20
1196 4090 1333 4160 quorsum]

183 4193 232 4229 cnr
258 4193 364 4230 rursum
387 4178 415 4231 P
504 4179 539 4232 23
568 4179 621 4233 diei
646 4196 738 4233 earum
762 4196 850 4232 rerum
867 4178 961 4234 tetiam
987 4194 1078 4231 earnm
1102 4195 1190 4231 rerum
1216 4195 1284 4246 quae
1307 4178 1335 4230 P

214 4265 356 4318 intereunt
374 4265 466 4323 LP¹R
485 4267 596 4321 interire
615 4269 643 4321 P
659 4269 821 4322 interierunt
840 4267 899 4335 edd.
955 4267 990 4318 24
1008 4267 1132 4319 intentus
1150 4266 1216 4320 P¹R
1235 4267 1295 4320 edd.
