3142 4992
603 369 629 423 S.
658 370 796 423 Aureli
824 369 1044 439 Augustini

785 566 873 630 XIII.

608 686 787 743 NEBRIDIO
807 686 1046 744 AUGUSTINUS.

236 803 251 864 1
300 799 428 866 Usiteta
460 798 520 862 tibi
554 799 689 862 scribere
723 817 785 861 non
817 799 907 875 libet,
940 816 1026 862 noua
1053 817 1114 862 nou
1142 799 1229 862 licet.
1268 800 1404 862 alteiam
1521 788 1525 794 ’

257 907 338 970 enim
359 906 456 974 uideo
480 905 541 968 tibi
564 924 625 969 non
651 905 829 982 conuenire,
849 906 983 969 alterum
1003 905 1084 969 mihi
1102 924 1163 969 uon
1182 899 1306 970 uacare.
1330 926 1403 969 nam
1553 972 1554 989 χ

258 1033 293 1076 ex
321 1031 383 1094 quo
414 1012 477 1075 abii
505 1010 562 1076 abs
590 1014 633 1090 te,
662 1012 751 1075 nulla
777 1013 857 1075 mihi
886 1012 1116 1095 opponentes,
1149 1014 1274 1076 nullum
1302 1015 1404 1077 otium
1436 1036 1449 1071 s

196 1131 197 1140 ’
258 1121 366 1184 datum
400 1120 450 1182 est
483 1137 529 1198 ea,
563 1135 642 1200 quae
679 1117 763 1182 inter
798 1138 856 1183 nos
894 1137 1045 1201 quaerere
1078 1120 1231 1197 solemus,
1265 1119 1406 1204 agitandi

258 1229 351 1307 atque
381 1224 540 1297 auersaudi.
580 1228 655 1288 sunt
683 1225 812 1306 quidem
839 1225 995 1290 hiemales
1023 1225 1119 1289 nimis
1151 1226 1266 1308 longae
1294 1229 1405 1291 noctes

257 1351 315 1396 nec
344 1352 362 1396 a
388 1333 555 1415 melotae
584 1331 805 1408 donniuntu13
834 1333 892 1396 sed
920 1352 990 1397 sese
1018 1333 1163 1397 obiciunt
1189 1333 1292 1416 magia
1319 1333 1405 1417 cogi-

257 1438 363 1516 tanda,
388 1458 460 1503 eum
485 1439 586 1503 otium
611 1441 669 1514 est,
695 1458 774 1520 quae
800 1439 999 1504 diffirmando
1024 1443 1100 1504 aunt
1123 1440 1188 1504 otio
1216 1440 1404 1504 necessaria.

258 1546 334 1628 quid
352 1565 426 1629 ergo
446 1545 586 1610 faciam?
610 1549 761 1610 mutusne
782 1547 866 1629 apud
885 1549 928 1625 te,
950 1565 989 1610 an
1008 1548 1127 1612 tacitus
1147 1548 1234 1612 sim?
1256 1550 1406 1610 neutrum
1425 1570 1453 1608 ιο
1553 1556 1555 1589 ÷

253 1654 319 1730 uis,
343 1655 491 1717 neutrum
515 1646 600 1716 uolo
640 1671 736 1735 quare
766 1671 825 1736 age
849 1655 944 1734 atque
969 1653 1088 1734 accipe,
1113 1653 1197 1735 quod
1221 1652 1259 1716 de
1282 1671 1334 1715 me
1357 1671 1407 1715 ex·
1553 1650 1554 1665 ¹

259 1759 372 1823 cudere
387 1759 494 1841 potuit
512 1758 664 1822 ultimum
683 1758 798 1837 noctis,
814 1777 910 1840 quam
926 1757 980 1821 diu
1002 1759 1225 1841 exequebatur,
1246 1777 1308 1841 quo
1327 1759 1407 1823 haee

260 1866 398 1948 epistula
421 1865 540 1947 scripta
565 1867 623 1929 est.

238 1976 257 2038 2
303 1971 443 2036 Necesse
468 1975 517 2036 est
539 1976 573 2036 te
596 1972 791 2051 meminisse,
817 1973 901 2055 quod
930 1974 1038 2038 crebro
1066 1973 1149 2038 iuter
1176 1993 1234 2038 nos
1262 1991 1408 2036 sermone

259 2079 413 2142 iactatum
437 2083 486 2143 est
509 2098 630 2161 nosque
653 2079 789 2145 iactauit
811 2081 998 2145 anhelantes
1027 2084 1122 2162 atque
1150 2082 1345 2157 aestuantes,
1368 2079 1408 2143 de.
1428 2100 1455 2138 15
1553 2065 1555 2106 I

261 2185 383 2250 animae
420 2187 544 2250 seilicet
575 2188 679 2254 ueluti
711 2190 864 2270 perpetuo
898 2188 1037 2271 quodam
1070 2207 1199 2270 corpore
1226 2186 1284 2252 ulel
1316 2187 1410 2269 quasi

262 2311 400 2376 corpore,
430 2293 514 2376 quod
545 2313 563 2358 a
590 2295 752 2360 nonnullis
781 2296 878 2359 etiam
907 2295 970 2360 diei
996 2295 1188 2360 uehiculum
1221 2294 1407 2359 recordaris.

262 2417 355 2482 quam
379 2419 446 2464 rem
470 2403 565 2481 certe,
592 2402 619 2464 si
638 2403 768 2485 quidem
791 2405 862 2466 loco
886 2406 1044 2482 mouetur,
1069 2422 1130 2468 nou
1156 2422 1226 2467 esse
1249 2401 1409 2484 intellegi-

261 2507 357 2571 bilem
382 2508 503 2572 clarum
529 2510 588 2572 est.
629 2509 781 2591 quiequid
809 2511 916 2572 autem
944 2509 1155 2592 intellegibile
1183 2529 1246 2574 non
1275 2511 1334 2584 est,
1361 2507 1409 2571 in-

261 2614 373 2697 tellegi
392 2634 453 2679 non
471 2618 589 2697 potest.
610 2619 642 2680 at
661 2616 745 2698 quod
763 2617 964 2680 intellectum
982 2616 1077 2699 fugit,
1097 2616 1126 2680 si
1145 2617 1259 2680 saltem
1278 2633 1410 2680 sensum
1426 2629 1453 2666 20

262 2740 324 2785 non
355 2719 453 2804 fugit,
489 2723 656 2789 aestimare
687 2723 761 2787 inde
795 2723 917 2806 aliquid
948 2723 1169 2787 uerisimiliter
1200 2743 1262 2786 non
1294 2741 1410 2805 usque-

263 2845 387 2909 quaque
416 2829 600 2912 denegatur.
639 2830 724 2911 quod
750 2831 827 2895 u'ero
855 2849 957 2912 neque
990 2830 1137 2914 intellegi
1168 2849 1271 2912 neque
1299 2828 1411 2894 sentini

352 3035 379 3088 L
406 3061 439 3082 =
459 3037 517 3090 cod.
537 3035 734 3091 Laudemusne
753 3041 810 3092 134
827 3054 848 3091 s.
868 3039 924 3091 IX.

352 3123 379 3175 P
406 3148 440 3170 =
460 3125 516 3178 cod.
538 3124 689 3180 Parlae'uus
707 3130 801 3180 12210
818 3143 840 3179 s.
858 3128 896 3180 X.

352 3211 390 3263 P1
409 3238 443 3258 =
462 3213 521 3266 coel.
539 3213 691 3268 Parlaiuus
708 3218 784 3268 1929
801 3233 822 3268 s.
842 3216 935 3270 XIII.

358 3299 385 3352 V
409 3325 443 3346 =
462 3301 521 3355 cod.
546 3301 701 3357 Vaticanus
722 3306 780 3356 495
799 3319 820 3356 s.
840 3303 907 3356 XV.

359 3389 386 3442 U
409 3414 443 3436 =
463 3390 521 3445 cad.
546 3391 700 3445 Vatieauus
720 3394 780 3444 499
798 3409 819 3446 a.
838 3392 905 3446 XV.

301 3533 447 3586 sustula»
465 3533 491 3586 V
524 3535 632 3587 4enim
651 3539 682 3588 iu
700 3536 859 3602 fiacuom.
880 3536 908 3589 U
958 3535 1011 3589 tibi
1029 3536 1110 3589 uideo
1125 3537 1196 3590 P¹V
1247 3537 1368 3591 tibiam.
1389 3536 1418 3590 U

302 3623 371 3676 alter
388 3623 415 3676 L
486 3640 539 3676 uon
559 3623 626 3676 mihi
645 3623 704 3677 edd.
760 3624 855 3694 8sed]
874 3625 945 3678 sicut
963 3625 990 3677 L
1066 3643 1095 3678 se
1115 3627 1140 3679 P
1157 3627 1216 3680 cdd.
1290 3626 1415 3680 obiciunt

266 3712 322 3764 otio
340 3713 427 3781 magis
447 3712 514 3777 (otio
534 3713 603 3779 cup.)
623 3710 649 3764 L
712 3714 729 3766 9
748 3712 901 3767 definiendo
920 3715 1001 3781 fler
1061 3716 1095 3768 10
1113 3718 1240 3768 motusue
1258 3714 1313 3768 LP
1332 3718 1413 3782 (corr.

266 3801 402 3870 mutusne)
476 3817 535 3874 sum
559 3801 615 3854 VU
667 3801 698 3854 11
719 3818 778 3870 age,
799 3818 866 3859 corr.
885 3819 920 3856 m.
939 3807 955 3860 1
973 3820 1044 3873 auge
1062 3803 1089 3856 L
1144 3804 1264 3874 accipem
1282 3803 1308 3855 L
1368 3819 1413 3856 ex·

267 3888 374 3942 eludere
396 3889 447 3943 LP
465 3889 485 3959 (l
505 3893 586 3955 eras.)
660 3891 693 3942 12
713 3890 898 3960 exequabatur
920 3892 947 3945 V
1032 3892 1104 3961 quod
1127 3892 1185 3946 VU
1255 3893 1289 3945 14
1308 3890 1415 3960 crebro]

267 3975 345 4029 credo
364 3975 391 4028 L
458 3977 490 4030 16
509 3977 640 4031 uelutP¹
653 3979 802 4046 flsuuel
825 3979 923 4033 VUm
989 3980 1023 4032 17
1042 3980 1191 4049 nonnullis]
1210 3978 1369 4032 uominullis
1387 3980 1416 4034 L

268 4091 495 4162 18intelligibile
514 4093 540 4146 n
632 4094 664 4146 19
684 4060 768 4163 quiqu
785 4095 812 4147 u
885 4099 976 4148 auum
996 4111 1048 4149 om.
1067 4095 1095 4148 a
1178 4094 1417 4164 intellegibilesP

267 4180 302 4234 20
325 4181 388 4234 sulti
410 4181 437 4234 L
526 4183 558 4236 21
584 4183 638 4236 fuit
662 4183 689 4236 L
715 4183 796 4252 fugit,
820 4200 888 4240 war.
919 4183 1022 4254 refugit
1049 4185 1077 4237 P
1106 4183 1210 4253 refugit
1232 4182 1333 4237 P¹VU
1353 4183 1414 4238 cdd.

305 4270 429 4324 estimato
453 4270 509 4323 VII
578 4273 725 4326 uerisimile
739 4273 762 4340 f
768 4273 825 4326 lsr
