3142 4992
576 385 841 456 epistularum
868 384 951 439 XXX.
1272 389 1336 452 125

188 583 288 650 nostri
312 582 476 648 unanimes
510 586 543 648 el
571 582 728 648 carissimi
756 582 848 648 nobis
880 582 912 646 in
946 582 1085 659 dominc,
1108 582 1271 648 Romanus
1305 586 1337 649 ei

187 689 302 775 Agilis‚
329 691 467 772 quossi
494 709 551 755 ncs
579 689 659 754 alies
682 688 742 753 tibi
771 688 1043 766 commendamus,
1067 688 1099 752 in
1127 688 1255 755 ncmine
1284 689 1337 756 dc-

188 796 267 862 mini
289 799 488 861 reuertentur
511 815 604 880 opere
629 795 769 861 caritatis
792 795 936 879 impleto.
959 795 992 859 in
1019 815 1081 879 quc
1100 798 1175 860 luae
1195 796 1319 861 caritati

189 903 305 968 affectu
330 903 511 984 specialiter
534 904 674 982 utantur,
703 921 863 986 rogamus.
892 901 978 967 nosti
1006 901 1101 980 enim,
1127 921 1222 984 quam
1251 904 1338 968 celsa

159 1010 356 1092 spromiitet
378 1009 556 1074 altissimus
580 1009 669 1074 fredi
691 1009 823 1074 fratrem
847 1008 1020 1073 adiuuanti.
1049 1027 1106 1091 per
1127 1009 1197 1086 hes,
1222 1008 1250 1074 si
1275 1028 1337 1092 quc

189 1137 239 1182 me
264 1116 395 1202 gratiae,
419 1135 499 1198 quae
523 1114 583 1179 tibi
612 1114 686 1179 deda
714 1117 773 1193 esi,
803 1115 884 1179 donc
912 1113 1107 1178 remunerari
1134 1115 1236 1192 ucles,
1265 1117 1337 1180 tuto

188 1222 298 1288 facies.
324 1224 400 1287 sunl
424 1221 517 1299 enim,
541 1221 640 1286 uelim
665 1221 784 1299 credas,
809 1239 928 1284 unum
957 1238 1024 1285 cen
1054 1222 1093 1284 ei
1119 1240 1193 1285 una
1220 1221 1253 1285 in
1284 1221 1336 1287 de-

188 1327 275 1393 minc
300 1328 430 1392 anima
454 1327 633 1394 nobiscum.
659 1326 761 1412 gralia
794 1325 844 1390 dei
876 1329 994 1405 lecum,
1024 1328 1062 1390 ut
1089 1328 1148 1406 est,
1177 1327 1209 1390 in
1238 1330 1337 1392 aeter·

190 1454 267 1499 num
290 1438 427 1513 mancat,
451 1434 549 1498 frater
574 1434 608 1498 in
637 1431 762 1499 Christe
792 1433 920 1499 demine
947 1432 1106 1512 unanime,
1134 1433 1338 1512 uenerabilis

145 1564 171 1603 ιο
190 1540 398 1605 dilectissime
424 1542 456 1606 et
479 1540 709 1606 desiderabilis.
735 1558 845 1604 omncs
868 1539 901 1604 in
921 1538 1048 1605 Christe
1068 1547 1206 1617 sanctos,
1226 1539 1337 1622 quales

189 1647 249 1711 tibi
273 1648 439 1712 cohaerere
463 1667 524 1712 nnn
548 1646 682 1711 dubium
702 1649 761 1725 est,
781 1667 800 1711 s
818 1645 911 1712 nobis
931 1646 1044 1712 salutm
1072 1646 1259 1711 commenda
1278 1666 1336 1713 nos

190 1753 338 1818 omnibus
362 1753 493 1832 sanctis,
517 1756 554 1817 ui
576 1755 686 1818 tecum
709 1772 765 1835 pre
789 1751 881 1818 nobis
905 1771 993 1817 crare
1017 1751 1197 1837 dignentur.

277 1945 296 1996 4
313 1943 394 1996 Pron.
414 1941 457 2006 18,
479 1943 512 1997 19
568 1941 583 1996 7
602 1941 662 1996 nee.
681 1941 707 2007 4,
726 1942 761 1996 32

227 2067 239 2120 1
261 2067 401 2120 unanimes
421 2071 449 2133 (u
466 2082 524 2120 ras.
544 2081 578 2120 ex
596 2066 632 2132 si)
652 2065 690 2118 M
706 2065 857 2120 unianimes
875 2066 931 2120 EA
997 2066 1014 2118 2
1034 2066 1122 2136 agylis
1140 2066 1169 2122 R
1236 2067 1336 2120 alteros

188 2155 243 2210 edd
264 2161 377 2224 praeter
396 2171 437 2208 ce
513 2156 692 2218 dreusrtem,
711 2171 745 2209 m.
764 2157 782 2208 2
800 2141 941 2208 reuertent‘
957 2155 985 2207 P
1060 2170 1142 2224 opera
1160 2153 1188 2206 A
1259 2154 1336 2207 dre·

188 2259 329 2298 munerare
349 2243 380 2297 E
449 2242 512 2295 nole
530 2242 560 2296 P
629 2244 698 2307 toln,
717 2259 751 2296 m.
770 2245 789 2296 2
806 2243 819 2295 l
837 2243 891 2296 cito
909 2243 940 2297 Ε
1028 2242 1157 2296 lanima
1179 2241 1209 2295 in
1227 2242 1335 2296 dominc

188 2331 274 2402 siccis
292 2347 326 2384 m.
344 2334 360 2384 1
379 2347 447 2387 corr.
467 2330 505 2384 M
556 2330 573 2384 8
592 2329 637 2384 dni
654 2330 686 2383 Ε
738 2331 771 2386 10
791 2331 966 2385 dilectissime
986 2333 1014 2386 et
1033 2329 1220 2386 desiderabilis
1239 2346 1290 2384 om.
1308 2331 1340 2384 E

225 2435 330 2474 omnem
349 2420 380 2474 E
466 2420 494 2472 in
514 2419 615 2473 christo
634 2435 669 2475 m.
689 2422 747 2473 2⁸.
766 2437 794 2474 u.
813 2419 847 2473 K
934 2420 1095 2474 scmEsds
1114 2422 1141 2489 (ο
1160 2422 1337 2488 mmmm

190 2507 266 2570 add.)
285 2507 318 2561 K
373 2509 403 2561 11
426 2507 615 2577 quoherereO
685 2506 768 2572 dubii,
787 2525 822 2563 m.
842 2512 862 2562 2
881 2507 992 2562 dubium
1005 2509 1035 2561 P
1103 2507 1337 2577 nes-dignentur

190 2612 241 2650 cm.
260 2597 291 2650 E
